{"data":{"E":"2024-07-19 08:42:20.800","T":"2024-07-19 08:42:20.647","a":430778671,"e":"aggTrade","f":1530390006,"l":1530390006,"m":false,"p":"0.5505","q":"2.7","s":"XRPUSDT"},"received_t":"2024-07-19 08:42:20.807962229","stream":"xrpusdt@aggTrade"}
{"id":1,"received_t":"2024-07-19 08:42:20.884119753","result":null}
{"id":2,"received_t":"2024-07-19 08:42:20.888815395","result":null}
{"data":{"E":"2024-07-19 08:42:21.024","T":"2024-07-19 08:42:20.871","a":430778672,"e":"aggTrade","f":1530390007,"l":1530390007,"m":false,"p":"0.5505","q":"9.1","s":"XRPUSDT"},"received_t":"2024-07-19 08:42:21.032587369","stream":"xrpusdt@aggTrade"}
{"data":{"E":"2024-07-19 08:42:21.216","T":"2024-07-19 08:42:21.062","a":430778673,"e":"aggTrade","f":1530390008,"l":1530390008,"m":false,"p":"0.5505","q":"0.8","s":"XRPUSDT"},"received_t":"2024-07-19 08:42:21.223988434","stream":"xrpusdt@aggTrade"}
{"data":{"E":"2024-07-19 08:42:21.629","T":"2024-07-19 08:42:21.474","a":430778674,"e":"aggTrade","f":1530390009,"l":1530390010,"m":false,"p":"0.5505","q":"13.7","s":"XRPUSDT"},"received_t":"2024-07-19 08:42:21.635970553","stream":"xrpusdt@aggTrade"}
{"data":{"E":"2024-07-19 08:42:21.886","T":"2024-07-19 08:42:21.732","a":430778675,"e":"aggTrade","f":1530390011,"l":1530390011,"m":false,"p":"0.5505","q":"12.3","s":"XRPUSDT"},"received_t":"2024-07-19 08:42:21.894195978","stream":"xrpusdt@aggTrade"}
{"data":{"E":"2024-07-19 08:42:22.456","T":"2024-07-19 08:42:22.302","a":430778676,"e":"aggTrade","f":1530390012,"l":1530390012,"m":false,"p":"0.5505","q":"4.7","s":"XRPUSDT"},"received_t":"2024-07-19 08:42:22.464158897","stream":"xrpusdt@aggTrade"}
{"data":{"E":"2024-07-19 08:42:22.684","T":"2024-07-19 08:42:22.535","a":430778677,"e":"aggTrade","f":1530390013,"l":1530390014,"m":false,"p":"0.5505","q":"4056.3","s":"XRPUSDT"},"received_t":"2024-07-19 08:42:22.692649723","stream":"xrpusdt@aggTrade"}
{"data":{"E":"2024-07-19 08:42:22.835","T":"2024-07-19 08:42:22.681","a":430778678,"e":"aggTrade","f":1530390015,"l":1530390015,"m":false,"p":"0.5505","q":"6.6","s":"XRPUSDT"},"received_t":"2024-07-19 08:42:22.843077645","stream":"xrpusdt@aggTrade"}
{"data":{"E":"2024-07-19 08:42:23.411","T":"2024-07-19 08:42:23.258","a":430778679,"e":"aggTrade","f":1530390016,"l":1530390016,"m":false,"p":"0.5505","q":"2.3","s":"XRPUSDT"},"received_t":"2024-07-19 08:42:23.418985916","stream":"xrpusdt@aggTrade"}
{"data":{"E":"2024-07-19 08:42:23.808","T":"2024-07-19 08:42:23.655","a":430778680,"e":"aggTrade","f":1530390017,"l":1530390017,"m":false,"p":"0.5505","q":"922.4","s":"XRPUSDT"},"received_t":"2024-07-19 08:42:23.814793686","stream":"xrpusdt@aggTrade"}
{"data":{"E":"2024-07-19 08:42:24.357","T":"2024-07-19 08:42:24.205","a":430778681,"e":"aggTrade","f":1530390018,"l":1530390018,"m":false,"p":"0.5505","q":"11.3","s":"XRPUSDT"},"received_t":"2024-07-19 08:42:24.365201347","stream":"xrpusdt@aggTrade"}
{"data":{"E":"2024-07-19 08:42:25.426","T":"2024-07-19 08:42:25.318","a":430778682,"e":"aggTrade","f":1530390019,"l":1530390027,"m":true,"p":"0.5504","q":"3346.3","s":"XRPUSDT"},"received_t":"2024-07-19 08:42:25.434385224","stream":"xrpusdt@aggTrade"}
{"data":{"E":"2024-07-19 08:42:25.577","T":"2024-07-19 08:42:25.424","a":430778683,"e":"aggTrade","f":1530390028,"l":1530390029,"m":false,"p":"0.5504","q":"5813.0","s":"XRPUSDT"},"received_t":"2024-07-19 08:42:25.584856659","stream":"xrpusdt@aggTrade"}
{"data":{"E":"2024-07-19 08:42:26.089","T":"2024-07-19 08:42:25.936","a":430778684,"e":"aggTrade","f":1530390030,"l":1530390030,"m":false,"p":"0.5504","q":"38.3","s":"XRPUSDT"},"received_t":"2024-07-19 08:42:26.097095851","stream":"xrpusdt@aggTrade"}
{"data":{"E":"2024-07-19 08:42:26.117","T":"2024-07-19 08:42:26.093","a":430778685,"e":"aggTrade","f":1530390031,"l":1530390031,"m":true,"p":"0.5503","q":"218.7","s":"XRPUSDT"},"received_t":"2024-07-19 08:42:26.125715910","stream":"xrpusdt@aggTrade"}
{"data":{"E":"2024-07-19 08:42:26.257","T":"2024-07-19 08:42:26.116","a":430778686,"e":"aggTrade","f":1530390032,"l":1530390032,"m":false,"p":"0.5504","q":"0.2","s":"XRPUSDT"},"received_t":"2024-07-19 08:42:26.265714601","stream":"xrpusdt@aggTrade"}
{"data":{"E":"2024-07-19 08:42:26.408","T":"2024-07-19 08:42:26.255","a":430778687,"e":"aggTrade","f":1530390033,"l":1530390033,"m":false,"p":"0.5504","q":"0.2","s":"XRPUSDT"},"received_t":"2024-07-19 08:42:26.416156362","stream":"xrpusdt@aggTrade"}
{"data":{"E":"2024-07-19 08:42:26.888","T":"2024-07-19 08:42:26.735","a":430778688,"e":"aggTrade","f":1530390034,"l":1530390034,"m":true,"p":"0.5503","q":"3333.5","s":"XRPUSDT"},"received_t":"2024-07-19 08:42:26.896054450","stream":"xrpusdt@aggTrade"}
