{"data":{"E":"2024-07-19 08:42:20.872","T":"2024-07-19 08:42:20.871","X":"MARKET","e":"trade","m":false,"p":"0.5505","q":"9.1","s":"XRPUSDT","t":1530390007},"received_t":"2024-07-19 08:42:20.878358177","stream":"xrpusdt@trade"}
{"data":{"E":"2024-07-19 08:42:21.062","T":"2024-07-19 08:42:21.062","X":"MARKET","e":"trade","m":false,"p":"0.5505","q":"0.8","s":"XRPUSDT","t":1530390008},"received_t":"2024-07-19 08:42:21.068326892","stream":"xrpusdt@trade"}
{"data":{"E":"2024-07-19 08:42:21.474","T":"2024-07-19 08:42:21.474","X":"MARKET","e":"trade","m":false,"p":"0.5505","q":"5.9","s":"XRPUSDT","t":1530390009},"received_t":"2024-07-19 08:42:21.481099769","stream":"xrpusdt@trade"}
{"data":{"E":"2024-07-19 08:42:21.531","T":"2024-07-19 08:42:21.530","X":"MARKET","e":"trade","m":false,"p":"0.5505","q":"7.8","s":"XRPUSDT","t":1530390010},"received_t":"2024-07-19 08:42:21.537998453","stream":"xrpusdt@trade"}
{"data":{"E":"2024-07-19 08:42:21.732","T":"2024-07-19 08:42:21.732","X":"MARKET","e":"trade","m":false,"p":"0.5505","q":"12.3","s":"XRPUSDT","t":1530390011},"received_t":"2024-07-19 08:42:21.738681871","stream":"xrpusdt@trade"}
{"data":{"E":"2024-07-19 08:42:22.302","T":"2024-07-19 08:42:22.302","X":"MARKET","e":"trade","m":false,"p":"0.5505","q":"4.7","s":"XRPUSDT","t":1530390012},"received_t":"2024-07-19 08:42:22.308206562","stream":"xrpusdt@trade"}
{"data":{"E":"2024-07-19 08:42:22.535","T":"2024-07-19 08:42:22.535","X":"MARKET","e":"trade","m":false,"p":"0.5505","q":"3980.9","s":"XRPUSDT","t":1530390013},"received_t":"2024-07-19 08:42:22.541184294","stream":"xrpusdt@trade"}
{"data":{"E":"2024-07-19 08:42:22.632","T":"2024-07-19 08:42:22.631","X":"MARKET","e":"trade","m":false,"p":"0.5505","q":"75.4","s":"XRPUSDT","t":1530390014},"received_t":"2024-07-19 08:42:22.638711593","stream":"xrpusdt@trade"}
{"data":{"E":"2024-07-19 08:42:22.681","T":"2024-07-19 08:42:22.681","X":"MARKET","e":"trade","m":false,"p":"0.5505","q":"6.6","s":"XRPUSDT","t":1530390015},"received_t":"2024-07-19 08:42:22.687879829","stream":"xrpusdt@trade"}
{"data":{"E":"2024-07-19 08:42:23.258","T":"2024-07-19 08:42:23.258","X":"MARKET","e":"trade","m":false,"p":"0.5505","q":"2.3","s":"XRPUSDT","t":1530390016},"received_t":"2024-07-19 08:42:23.264716953","stream":"xrpusdt@trade"}
{"data":{"E":"2024-07-19 08:42:23.656","T":"2024-07-19 08:42:23.655","X":"MARKET","e":"trade","m":false,"p":"0.5505","q":"922.4","s":"XRPUSDT","t":1530390017},"received_t":"2024-07-19 08:42:23.661880453","stream":"xrpusdt@trade"}
{"data":{"E":"2024-07-19 08:42:24.205","T":"2024-07-19 08:42:24.205","X":"MARKET","e":"trade","m":false,"p":"0.5505","q":"11.3","s":"XRPUSDT","t":1530390018},"received_t":"2024-07-19 08:42:24.211251059","stream":"xrpusdt@trade"}
{"data":{"E":"2024-07-19 08:42:25.318","T":"2024-07-19 08:42:25.318","X":"MARKET","e":"trade","m":true,"p":"0.5504","q":"140.8","s":"XRPUSDT","t":1530390019},"received_t":"2024-07-19 08:42:25.325417426","stream":"xrpusdt@trade"}
{"data":{"E":"2024-07-19 08:42:25.318","T":"2024-07-19 08:42:25.318","X":"MARKET","e":"trade","m":true,"p":"0.5504","q":"101.4","s":"XRPUSDT","t":1530390020},"received_t":"2024-07-19 08:42:25.325730085","stream":"xrpusdt@trade"}
{"data":{"E":"2024-07-19 08:42:25.318","T":"2024-07-19 08:42:25.318","X":"MARKET","e":"trade","m":true,"p":"0.5504","q":"1585.5","s":"XRPUSDT","t":1530390021},"received_t":"2024-07-19 08:42:25.325935371","stream":"xrpusdt@trade"}
{"data":{"E":"2024-07-19 08:42:25.318","T":"2024-07-19 08:42:25.318","X":"MARKET","e":"trade","m":true,"p":"0.5504","q":"70.4","s":"XRPUSDT","t":1530390022},"received_t":"2024-07-19 08:42:25.326118330","stream":"xrpusdt@trade"}
{"data":{"E":"2024-07-19 08:42:25.318","T":"2024-07-19 08:42:25.318","X":"MARKET","e":"trade","m":true,"p":"0.5504","q":"30.7","s":"XRPUSDT","t":1530390023},"received_t":"2024-07-19 08:42:25.326310825","stream":"xrpusdt@trade"}
{"data":{"E":"2024-07-19 08:42:25.318","T":"2024-07-19 08:42:25.318","X":"MARKET","e":"trade","m":true,"p":"0.5504","q":"241.9","s":"XRPUSDT","t":1530390024},"received_t":"2024-07-19 08:42:25.326487438","stream":"xrpusdt@trade"}
{"data":{"E":"2024-07-19 08:42:25.318","T":"2024-07-19 08:42:25.318","X":"MARKET","e":"trade","m":true,"p":"0.5504","q":"1040.3","s":"XRPUSDT","t":1530390025},"received_t":"2024-07-19 08:42:25.326676249","stream":"xrpusdt@trade"}
{"data":{"E":"2024-07-19 08:42:25.318","T":"2024-07-19 08:42:25.318","X":"MARKET","e":"trade","m":true,"p":"0.5504","q":"105.3","s":"XRPUSDT","t":1530390026},"received_t":"2024-07-19 08:42:25.326845623","stream":"xrpusdt@trade"}
{"data":{"E":"2024-07-19 08:42:25.318","T":"2024-07-19 08:42:25.318","X":"MARKET","e":"trade","m":true,"p":"0.5504","q":"30.0","s":"XRPUSDT","t":1530390027},"received_t":"2024-07-19 08:42:25.326992198","stream":"xrpusdt@trade"}
{"data":{"E":"2024-07-19 08:42:25.425","T":"2024-07-19 08:42:25.424","X":"MARKET","e":"trade","m":false,"p":"0.5504","q":"813.0","s":"XRPUSDT","t":1530390028},"received_t":"2024-07-19 08:42:25.431305245","stream":"xrpusdt@trade"}
{"data":{"E":"2024-07-19 08:42:25.498","T":"2024-07-19 08:42:25.497","X":"MARKET","e":"trade","m":false,"p":"0.5504","q":"5000.0","s":"XRPUSDT","t":1530390029},"received_t":"2024-07-19 08:42:25.503357372","stream":"xrpusdt@trade"}
{"data":{"E":"2024-07-19 08:42:25.937","T":"2024-07-19 08:42:25.936","X":"MARKET","e":"trade","m":false,"p":"0.5504","q":"38.3","s":"XRPUSDT","t":1530390030},"received_t":"2024-07-19 08:42:25.944021673","stream":"xrpusdt@trade"}
{"data":{"E":"2024-07-19 08:42:26.093","T":"2024-07-19 08:42:26.093","X":"MARKET","e":"trade","m":true,"p":"0.5503","q":"218.7","s":"XRPUSDT","t":1530390031},"received_t":"2024-07-19 08:42:26.099053465","stream":"xrpusdt@trade"}
{"data":{"E":"2024-07-19 08:42:26.116","T":"2024-07-19 08:42:26.116","X":"MARKET","e":"trade","m":false,"p":"0.5504","q":"0.2","s":"XRPUSDT","t":1530390032},"received_t":"2024-07-19 08:42:26.122495175","stream":"xrpusdt@trade"}
{"data":{"E":"2024-07-19 08:42:26.255","T":"2024-07-19 08:42:26.255","X":"MARKET","e":"trade","m":false,"p":"0.5504","q":"0.2","s":"XRPUSDT","t":1530390033},"received_t":"2024-07-19 08:42:26.262060845","stream":"xrpusdt@trade"}
{"data":{"E":"2024-07-19 08:42:26.735","T":"2024-07-19 08:42:26.735","X":"MARKET","e":"trade","m":true,"p":"0.5503","q":"3333.5","s":"XRPUSDT","t":1530390034},"received_t":"2024-07-19 08:42:26.742074917","stream":"xrpusdt@trade"}
{"data":{"E":"2024-07-19 08:42:27.405","T":"2024-07-19 08:42:27.404","X":"MARKET","e":"trade","m":false,"p":"0.5504","q":"9.4","s":"XRPUSDT","t":1530390035},"received_t":"2024-07-19 08:42:27.410950611","stream":"xrpusdt@trade"}
