2024-07-23T16:32:10.698307Z info 8173 {"stream":"ethusdt@aggTrade","data":{"e":"aggTrade","E":1721723530768,"a":1709050161,"s":"ETHUSDT","p":"3510.79","q":"2.630","f":4229296408,"l":4229296409,"T":1721723530735,"m":true}}
2024-07-23T16:32:10.705801Z info 8173 {"stream":"ethusdt@aggTrade","data":{"e":"aggTrade","E":1721723530776,"a":1709050162,"s":"ETHUSDT","p":"3510.80","q":"0.401","f":4229296410,"l":4229296410,"T":1721723530765,"m":false}}
2024-07-23T16:32:10.710232Z info 8173 {"stream":"ethusdt@aggTrade","data":{"e":"aggTrade","E":1721723530779,"a":1709050163,"s":"ETHUSDT","p":"3510.79","q":"0.006","f":4229296411,"l":4229296411,"T":1721723530774,"m":true}}
2024-07-23T16:32:10.711779Z info 8173 {"stream":"ethusdt@aggTrade","data":{"e":"aggTrade","E":1721723530781,"a":1709050164,"s":"ETHUSDT","p":"3510.80","q":"0.007","f":4229296412,"l":4229296412,"T":1721723530777,"m":false}}
2024-07-23T16:32:10.717850Z info 8173 {"stream":"ethusdt@aggTrade","data":{"e":"aggTrade","E":1721723530788,"a":1709050165,"s":"ETHUSDT","p":"3510.79","q":"0.290","f":4229296413,"l":4229296414,"T":1721723530780,"m":true}}
2024-07-23T16:32:10.718802Z info 8173 {"stream":"ethusdt@aggTrade","data":{"e":"aggTrade","E":1721723530789,"a":1709050166,"s":"ETHUSDT","p":"3510.80","q":"0.007","f":4229296415,"l":4229296415,"T":1721723530786,"m":false}}
2024-07-23T16:32:10.720956Z info 8173 {"stream":"ethusdt@aggTrade","data":{"e":"aggTrade","E":1721723530791,"a":1709050167,"s":"ETHUSDT","p":"3510.79","q":"0.216","f":4229296416,"l":4229296416,"T":1721723530787,"m":true}}
2024-07-23T16:32:10.731416Z info 8173 {"stream":"xrpusdt@aggTrade","data":{"e":"aggTrade","E":1721723530801,"a":431751772,"s":"XRPUSDT","p":"0.5995","q":"1760.6","f":1535426562,"l":1535426562,"T":1721723530649,"m":false}}
2024-07-23T16:32:10.736474Z info 8173 {"stream":"ethusdt@aggTrade","data":{"e":"aggTrade","E":1721723530806,"a":1709050168,"s":"ETHUSDT","p":"3510.80","q":"0.007","f":4229296417,"l":4229296417,"T":1721723530789,"m":false}}
2024-07-23T16:32:10.781744Z info 8173 {"result":null,"id":1}
2024-07-23T16:32:10.809143Z info 8174 {"result":null,"id":2}
2024-07-23T16:32:10.814588Z info 8173 {"stream":"ethusdt@aggTrade","data":{"e":"aggTrade","E":1721723530884,"a":1709050169,"s":"ETHUSDT","p":"3510.79","q":"1.132","f":4229296418,"l":4229296420,"T":1721723530804,"m":true}}
2024-07-23T16:32:10.856118Z info 8173 {"stream":"xrpusdt@aggTrade","data":{"e":"aggTrade","E":1721723530925,"a":431751773,"s":"XRPUSDT","p":"0.5995","q":"19714.6","f":1535426563,"l":1535426576,"T":1721723530887,"m":false}}
2024-07-23T16:32:10.891925Z info 8173 {"stream":"ethusdt@aggTrade","data":{"e":"aggTrade","E":1721723530962,"a":1709050170,"s":"ETHUSDT","p":"3510.80","q":"8.367","f":4229296421,"l":4229296427,"T":1721723530883,"m":false}}
2024-07-23T16:32:10.903736Z info 8173 {"stream":"ethusdt@aggTrade","data":{"e":"aggTrade","E":1721723530973,"a":1709050171,"s":"ETHUSDT","p":"3510.79","q":"2.105","f":4229296428,"l":4229296428,"T":1721723530959,"m":true}}
2024-07-23T16:32:10.903773Z info 8173 {"stream":"ethusdt@aggTrade","data":{"e":"aggTrade","E":1721723530973,"a":1709050172,"s":"ETHUSDT","p":"3510.80","q":"6.406","f":4229296429,"l":4229296433,"T":1721723530971,"m":false}}
2024-07-23T16:32:10.910287Z info 8173 {"stream":"ethusdt@aggTrade","data":{"e":"aggTrade","E":1721723530980,"a":1709050173,"s":"ETHUSDT","p":"3510.82","q":"4.932","f":4229296434,"l":4229296446,"T":1721723530971,"m":false}}
2024-07-23T16:32:10.910323Z info 8173 {"stream":"ethusdt@aggTrade","data":{"e":"aggTrade","E":1721723530980,"a":1709050174,"s":"ETHUSDT","p":"3510.86","q":"0.010","f":4229296447,"l":4229296447,"T":1721723530978,"m":false}}
2024-07-23T16:32:10.946903Z info 8173 {"stream":"ethusdt@aggTrade","data":{"e":"aggTrade","E":1721723531016,"a":1709050175,"s":"ETHUSDT","p":"3510.87","q":"1.935","f":4229296448,"l":4229296455,"T":1721723530978,"m":false}}
2024-07-23T16:32:10.946948Z info 8173 {"stream":"ethusdt@aggTrade","data":{"e":"aggTrade","E":1721723531016,"a":1709050176,"s":"ETHUSDT","p":"3510.88","q":"0.006","f":4229296456,"l":4229296456,"T":1721723531014,"m":false}}
2024-07-23T16:32:10.946957Z info 8173 {"stream":"ethusdt@aggTrade","data":{"e":"aggTrade","E":1721723531016,"a":1709050177,"s":"ETHUSDT","p":"3510.89","q":"0.006","f":4229296457,"l":4229296458,"T":1721723531014,"m":false}}
2024-07-23T16:32:10.951791Z info 8173 {"stream":"ethusdt@aggTrade","data":{"e":"aggTrade","E":1721723531022,"a":1709050178,"s":"ETHUSDT","p":"3510.90","q":"0.100","f":4229296459,"l":4229296459,"T":1721723531014,"m":false}}
2024-07-23T16:32:10.954676Z info 8173 {"stream":"xrpusdt@aggTrade","data":{"e":"aggTrade","E":1721723531025,"a":431751774,"s":"XRPUSDT","p":"0.5994","q":"1309.6","f":1535426577,"l":1535426579,"T":1721723530923,"m":true}}
2024-07-23T16:32:10.964726Z info 8173 {"stream":"ethusdt@aggTrade","data":{"e":"aggTrade","E":1721723531034,"a":1709050179,"s":"ETHUSDT","p":"3510.94","q":"0.261","f":4229296460,"l":4229296462,"T":1721723531019,"m":false}}
2024-07-23T16:32:11.066471Z info 8173 {"stream":"ethusdt@aggTrade","data":{"e":"aggTrade","E":1721723531136,"a":1709050180,"s":"ETHUSDT","p":"3510.93","q":"1.707","f":4229296463,"l":4229296465,"T":1721723531031,"m":true}}
2024-07-23T16:32:11.069999Z info 8173 {"stream":"ethusdt@aggTrade","data":{"e":"aggTrade","E":1721723531139,"a":1709050181,"s":"ETHUSDT","p":"3510.94","q":"3.849","f":4229296466,"l":4229296476,"T":1721723531134,"m":false}}
2024-07-23T16:32:11.071821Z info 8173 {"stream":"ethusdt@aggTrade","data":{"e":"aggTrade","E":1721723531141,"a":1709050182,"s":"ETHUSDT","p":"3510.95","q":"0.006","f":4229296477,"l":4229296477,"T":1721723531138,"m":false}}
2024-07-23T16:32:11.071861Z info 8173 {"stream":"ethusdt@aggTrade","data":{"e":"aggTrade","E":1721723531141,"a":1709050183,"s":"ETHUSDT","p":"3510.96","q":"0.006","f":4229296478,"l":4229296478,"T":1721723531138,"m":false}}
2024-07-23T16:32:11.071901Z info 8173 {"stream":"ethusdt@aggTrade","data":{"e":"aggTrade","E":1721723531141,"a":1709050184,"s":"ETHUSDT","p":"3510.99","q":"2.900","f":4229296479,"l":4229296482,"T":1721723531138,"m":false}}
2024-07-23T16:32:11.071934Z info 8173 {"stream":"ethusdt@aggTrade","data":{"e":"aggTrade","E":1721723531141,"a":1709050185,"s":"ETHUSDT","p":"3511.05","q":"3.600","f":4229296483,"l":4229296484,"T":1721723531138,"m":false}}
2024-07-23T16:32:11.071955Z info 8173 {"stream":"ethusdt@aggTrade","data":{"e":"aggTrade","E":1721723531141,"a":1709050186,"s":"ETHUSDT","p":"3511.06","q":"0.006","f":4229296485,"l":4229296485,"T":1721723531138,"m":false}}
2024-07-23T16:32:11.071991Z info 8173 {"stream":"ethusdt@aggTrade","data":{"e":"aggTrade","E":1721723531141,"a":1709050187,"s":"ETHUSDT","p":"3511.08","q":"0.007","f":4229296486,"l":4229296486,"T":1721723531138,"m":false}}
2024-07-23T16:32:11.076037Z info 8173 {"stream":"ethusdt@aggTrade","data":{"e":"aggTrade","E":1721723531145,"a":1709050188,"s":"ETHUSDT","p":"3511.10","q":"0.430","f":4229296487,"l":4229296488,"T":1721723531138,"m":false}}
2024-07-23T16:32:11.076071Z info 8173 {"stream":"ethusdt@aggTrade","data":{"e":"aggTrade","E":1721723531145,"a":1709050189,"s":"ETHUSDT","p":"3511.11","q":"0.016","f":4229296489,"l":4229296490,"T":1721723531142,"m":false}}
2024-07-23T16:32:11.076092Z info 8173 {"stream":"ethusdt@aggTrade","data":{"e":"aggTrade","E":1721723531145,"a":1709050190,"s":"ETHUSDT","p":"3511.15","q":"2.141","f":4229296491,"l":4229296494,"T":1721723531142,"m":false}}
2024-07-23T16:32:11.076099Z info 8173 {"stream":"ethusdt@aggTrade","data":{"e":"aggTrade","E":1721723531145,"a":1709050191,"s":"ETHUSDT","p":"3511.17","q":"0.430","f":4229296495,"l":4229296495,"T":1721723531143,"m":false}}
2024-07-23T16:32:11.076105Z info 8173 {"stream":"ethusdt@aggTrade","data":{"e":"aggTrade","E":1721723531145,"a":1709050192,"s":"ETHUSDT","p":"3511.18","q":"0.006","f":4229296496,"l":4229296496,"T":1721723531143,"m":false}}
2024-07-23T16:32:11.076126Z info 8173 {"stream":"ethusdt@aggTrade","data":{"e":"aggTrade","E":1721723531145,"a":1709050193,"s":"ETHUSDT","p":"3511.21","q":"1.708","f":4229296497,"l":4229296497,"T":1721723531143,"m":false}}
2024-07-23T16:32:11.082355Z info 8173 {"stream":"ethusdt@aggTrade","data":{"e":"aggTrade","E":1721723531153,"a":1709050194,"s":"ETHUSDT","p":"3511.23","q":"1.715","f":4229296498,"l":4229296499,"T":1721723531143,"m":false}}
2024-07-23T16:32:11.085132Z info 8173 {"stream":"ethusdt@aggTrade","data":{"e":"aggTrade","E":1721723531155,"a":1709050195,"s":"ETHUSDT","p":"3511.24","q":"0.193","f":4229296500,"l":4229296500,"T":1721723531151,"m":false}}
2024-07-23T16:32:11.101378Z info 8173 {"stream":"ethusdt@aggTrade","data":{"e":"aggTrade","E":1721723531172,"a":1709050196,"s":"ETHUSDT","p":"3511.23","q":"0.304","f":4229296501,"l":4229296503,"T":1721723531153,"m":false}}
2024-07-23T16:32:11.105715Z info 8173 {"stream":"xrpusdt@aggTrade","data":{"e":"aggTrade","E":1721723531176,"a":431751775,"s":"XRPUSDT","p":"0.5995","q":"743.1","f":1535426580,"l":1535426581,"T":1721723531022,"m":false}}
2024-07-23T16:32:11.105757Z info 8173 {"stream":"ethusdt@aggTrade","data":{"e":"aggTrade","E":1721723531175,"a":1709050197,"s":"ETHUSDT","p":"3511.22","q":"0.073","f":4229296504,"l":4229296504,"T":1721723531171,"m":true}}
2024-07-23T16:32:11.183082Z info 8173 {"stream":"ethusdt@aggTrade","data":{"e":"aggTrade","E":1721723531253,"a":1709050198,"s":"ETHUSDT","p":"3511.23","q":"0.062","f":4229296505,"l":4229296506,"T":1721723531173,"m":false}}
2024-07-23T16:32:11.265483Z info 8173 {"stream":"ethusdt@aggTrade","data":{"e":"aggTrade","E":1721723531335,"a":1709050199,"s":"ETHUSDT","p":"3511.22","q":"13.628","f":4229296507,"l":4229296514,"T":1721723531251,"m":true}}
2024-07-23T16:32:11.307028Z info 8173 {"stream":"ethusdt@aggTrade","data":{"e":"aggTrade","E":1721723531377,"a":1709050200,"s":"ETHUSDT","p":"3511.23","q":"0.430","f":4229296515,"l":4229296516,"T":1721723531334,"m":false}}
2024-07-23T16:32:11.322767Z info 8173 {"stream":"ethusdt@aggTrade","data":{"e":"aggTrade","E":1721723531392,"a":1709050201,"s":"ETHUSDT","p":"3511.22","q":"5.458","f":4229296517,"l":4229296519,"T":1721723531375,"m":true}}
2024-07-23T16:32:11.362995Z info 8173 {"stream":"ethusdt@aggTrade","data":{"e":"aggTrade","E":1721723531432,"a":1709050202,"s":"ETHUSDT","p":"3511.23","q":"0.335","f":4229296520,"l":4229296523,"T":1721723531390,"m":false}}
2024-07-23T16:32:11.363031Z info 8173 {"stream":"ethusdt@aggTrade","data":{"e":"aggTrade","E":1721723531432,"a":1709050203,"s":"ETHUSDT","p":"3511.22","q":"13.257","f":4229296524,"l":4229296532,"T":1721723531431,"m":true}}
2024-07-23T16:32:11.363063Z info 8173 {"stream":"ethusdt@aggTrade","data":{"e":"aggTrade","E":1721723531432,"a":1709050204,"s":"ETHUSDT","p":"3511.18","q":"0.007","f":4229296533,"l":4229296533,"T":1721723531431,"m":true}}
2024-07-23T16:32:11.363095Z info 8173 {"stream":"ethusdt@aggTrade","data":{"e":"aggTrade","E":1721723531432,"a":1709050205,"s":"ETHUSDT","p":"3511.10","q":"2.320","f":4229296534,"l":4229296534,"T":1721723531431,"m":true}}
2024-07-23T16:32:11.363127Z info 8173 {"stream":"ethusdt@aggTrade","data":{"e":"aggTrade","E":1721723531432,"a":1709050206,"s":"ETHUSDT","p":"3511.05","q":"2.822","f":4229296535,"l":4229296535,"T":1721723531431,"m":true}}
2024-07-23T16:32:11.363159Z info 8173 {"stream":"ethusdt@aggTrade","data":{"e":"aggTrade","E":1721723531432,"a":1709050207,"s":"ETHUSDT","p":"3511.03","q":"0.006","f":4229296536,"l":4229296536,"T":1721723531431,"m":true}}
2024-07-23T16:32:11.363192Z info 8173 {"stream":"ethusdt@aggTrade","data":{"e":"aggTrade","E":1721723531432,"a":1709050208,"s":"ETHUSDT","p":"3511.00","q":"1.387","f":4229296537,"l":4229296537,"T":1721723531431,"m":true}}
2024-07-23T16:32:11.363224Z info 8173 {"stream":"ethusdt@aggTrade","data":{"e":"aggTrade","E":1721723531432,"a":1709050209,"s":"ETHUSDT","p":"3510.99","q":"0.584","f":4229296538,"l":4229296538,"T":1721723531431,"m":true}}
2024-07-23T16:32:11.363261Z info 8173 {"stream":"ethusdt@aggTrade","data":{"e":"aggTrade","E":1721723531432,"a":1709050210,"s":"ETHUSDT","p":"3510.93","q":"5.591","f":4229296539,"l":4229296541,"T":1721723531431,"m":true}}
2024-07-23T16:32:11.363294Z info 8173 {"stream":"ethusdt@aggTrade","data":{"e":"aggTrade","E":1721723531432,"a":1709050211,"s":"ETHUSDT","p":"3510.88","q":"2.320","f":4229296542,"l":4229296542,"T":1721723531431,"m":true}}
2024-07-23T16:32:11.363327Z info 8173 {"stream":"ethusdt@aggTrade","data":{"e":"aggTrade","E":1721723531432,"a":1709050212,"s":"ETHUSDT","p":"3510.87","q":"2.822","f":4229296543,"l":4229296543,"T":1721723531431,"m":true}}
2024-07-23T16:32:11.397652Z info 8173 {"stream":"ethusdt@aggTrade","data":{"e":"aggTrade","E":1721723531468,"a":1709050213,"s":"ETHUSDT","p":"3510.86","q":"0.097","f":4229296544,"l":4229296544,"T":1721723531431,"m":true}}
2024-07-23T16:32:11.411863Z info 8173 {"stream":"ethusdt@aggTrade","data":{"e":"aggTrade","E":1721723531483,"a":1709050214,"s":"ETHUSDT","p":"3510.87","q":"0.320","f":4229296545,"l":4229296547,"T":1721723531466,"m":true}}
2024-07-23T16:32:11.426022Z info 8173 {"stream":"ethusdt@aggTrade","data":{"e":"aggTrade","E":1721723531497,"a":1709050215,"s":"ETHUSDT","p":"3510.88","q":"0.204","f":4229296548,"l":4229296548,"T":1721723531481,"m":false}}
2024-07-23T16:32:11.494028Z info 8173 {"stream":"ethusdt@aggTrade","data":{"e":"aggTrade","E":1721723531564,"a":1709050216,"s":"ETHUSDT","p":"3510.87","q":"27.799","f":4229296549,"l":4229296558,"T":1721723531494,"m":true}}
2024-07-23T16:32:11.503653Z info 8173 {"stream":"ethusdt@aggTrade","data":{"e":"aggTrade","E":1721723531573,"a":1709050217,"s":"ETHUSDT","p":"3510.88","q":"0.297","f":4229296559,"l":4229296587,"T":1721723531562,"m":false}}
2024-07-23T16:32:11.525932Z info 8173 {"stream":"ethusdt@aggTrade","data":{"e":"aggTrade","E":1721723531596,"a":1709050218,"s":"ETHUSDT","p":"3510.87","q":"0.014","f":4229296588,"l":4229296589,"T":1721723531571,"m":true}}
2024-07-23T16:32:11.525968Z info 8173 {"stream":"ethusdt@aggTrade","data":{"e":"aggTrade","E":1721723531596,"a":1709050219,"s":"ETHUSDT","p":"3510.88","q":"0.010","f":4229296590,"l":4229296590,"T":1721723531595,"m":false}}
2024-07-23T16:32:11.526694Z info 8173 {"stream":"ethusdt@aggTrade","data":{"e":"aggTrade","E":1721723531597,"a":1709050220,"s":"ETHUSDT","p":"3510.99","q":"0.100","f":4229296591,"l":4229296592,"T":1721723531595,"m":false}}
2024-07-23T16:32:11.528652Z info 8173 {"stream":"ethusdt@aggTrade","data":{"e":"aggTrade","E":1721723531600,"a":1709050221,"s":"ETHUSDT","p":"3511.01","q":"0.229","f":4229296593,"l":4229296593,"T":1721723531595,"m":false}}
2024-07-23T16:32:11.561287Z info 8173 {"stream":"ethusdt@aggTrade","data":{"e":"aggTrade","E":1721723531631,"a":1709050222,"s":"ETHUSDT","p":"3511.10","q":"0.206","f":4229296594,"l":4229296595,"T":1721723531598,"m":true}}
2024-07-23T16:32:11.568459Z info 8173 {"stream":"ethusdt@aggTrade","data":{"e":"aggTrade","E":1721723531639,"a":1709050223,"s":"ETHUSDT","p":"3511.11","q":"0.037","f":4229296596,"l":4229296597,"T":1721723531630,"m":false}}
2024-07-23T16:32:11.609860Z info 8173 {"stream":"ethusdt@aggTrade","data":{"e":"aggTrade","E":1721723531679,"a":1709050224,"s":"ETHUSDT","p":"3511.10","q":"0.284","f":4229296598,"l":4229296600,"T":1721723531638,"m":true}}
2024-07-23T16:32:11.691027Z info 8173 {"stream":"xrpusdt@aggTrade","data":{"e":"aggTrade","E":1721723531761,"a":431751776,"s":"XRPUSDT","p":"0.5994","q":"100.5","f":1535426582,"l":1535426582,"T":1721723531608,"m":true}}
2024-07-23T16:32:11.693868Z info 8173 {"stream":"ethusdt@aggTrade","data":{"e":"aggTrade","E":1721723531765,"a":1709050225,"s":"ETHUSDT","p":"3511.11","q":"0.458","f":4229296601,"l":4229296603,"T":1721723531677,"m":false}}
2024-07-23T16:32:11.715168Z info 8173 {"stream":"ethusdt@aggTrade","data":{"e":"aggTrade","E":1721723531785,"a":1709050226,"s":"ETHUSDT","p":"3511.10","q":"0.018","f":4229296604,"l":4229296605,"T":1721723531763,"m":true}}
2024-07-23T16:32:11.812527Z info 8173 {"stream":"ethusdt@aggTrade","data":{"e":"aggTrade","E":1721723531882,"a":1709050227,"s":"ETHUSDT","p":"3511.11","q":"7.256","f":4229296606,"l":4229296614,"T":1721723531783,"m":false}}
2024-07-23T16:32:11.821187Z info 8173 {"stream":"xrpusdt@aggTrade","data":{"e":"aggTrade","E":1721723531891,"a":431751777,"s":"XRPUSDT","p":"0.5995","q":"241.0","f":1535426583,"l":1535426583,"T":1721723531835,"m":false}}
2024-07-23T16:32:11.888553Z info 8173 {"stream":"ethusdt@aggTrade","data":{"e":"aggTrade","E":1721723531958,"a":1709050228,"s":"ETHUSDT","p":"3511.10","q":"1.030","f":4229296615,"l":4229296618,"T":1721723531881,"m":true}}
2024-07-23T16:32:11.938836Z info 8173 {"stream":"ethusdt@aggTrade","data":{"e":"aggTrade","E":1721723532009,"a":1709050229,"s":"ETHUSDT","p":"3511.11","q":"5.587","f":4229296619,"l":4229296627,"T":1721723531956,"m":false}}
2024-07-23T16:32:11.950994Z info 8173 {"stream":"ethusdt@aggTrade","data":{"e":"aggTrade","E":1721723532021,"a":1709050230,"s":"ETHUSDT","p":"3511.10","q":"0.901","f":4229296628,"l":4229296628,"T":1721723532007,"m":true}}
2024-07-23T16:32:11.951028Z info 8173 {"stream":"ethusdt@aggTrade","data":{"e":"aggTrade","E":1721723532021,"a":1709050231,"s":"ETHUSDT","p":"3511.11","q":"4.204","f":4229296629,"l":4229296631,"T":1721723532020,"m":false}}
2024-07-23T16:32:11.951051Z info 8173 {"stream":"ethusdt@aggTrade","data":{"e":"aggTrade","E":1721723532021,"a":1709050232,"s":"ETHUSDT","p":"3511.10","q":"0.057","f":4229296632,"l":4229296632,"T":1721723532020,"m":true}}
2024-07-23T16:32:11.951082Z info 8173 {"stream":"ethusdt@aggTrade","data":{"e":"aggTrade","E":1721723532021,"a":1709050233,"s":"ETHUSDT","p":"3511.11","q":"0.193","f":4229296633,"l":4229296633,"T":1721723532020,"m":false}}
2024-07-23T16:32:11.951089Z info 8173 {"stream":"ethusdt@aggTrade","data":{"e":"aggTrade","E":1721723532021,"a":1709050234,"s":"ETHUSDT","p":"3511.10","q":"0.013","f":4229296634,"l":4229296634,"T":1721723532020,"m":true}}
2024-07-23T16:32:11.971746Z info 8173 {"stream":"xrpusdt@aggTrade","data":{"e":"aggTrade","E":1721723532042,"a":431751778,"s":"XRPUSDT","p":"0.5994","q":"178.9","f":1535426584,"l":1535426584,"T":1721723531890,"m":true}}
2024-07-23T16:32:12.004702Z info 8173 {"stream":"ethusdt@aggTrade","data":{"e":"aggTrade","E":1721723532074,"a":1709050235,"s":"ETHUSDT","p":"3511.11","q":"0.109","f":4229296635,"l":4229296635,"T":1721723532020,"m":false}}
2024-07-23T16:32:12.089789Z info 8173 {"stream":"ethusdt@aggTrade","data":{"e":"aggTrade","E":1721723532160,"a":1709050236,"s":"ETHUSDT","p":"3511.10","q":"0.094","f":4229296636,"l":4229296637,"T":1721723532073,"m":true}}
2024-07-23T16:32:12.092742Z info 8173 {"stream":"ethusdt@aggTrade","data":{"e":"aggTrade","E":1721723532163,"a":1709050237,"s":"ETHUSDT","p":"3511.11","q":"13.276","f":4229296638,"l":4229296650,"T":1721723532158,"m":false}}
2024-07-23T16:32:12.092778Z info 8173 {"stream":"ethusdt@aggTrade","data":{"e":"aggTrade","E":1721723532163,"a":1709050238,"s":"ETHUSDT","p":"3511.12","q":"0.006","f":4229296651,"l":4229296651,"T":1721723532160,"m":false}}
2024-07-23T16:32:12.106689Z info 8173 {"stream":"ethusdt@aggTrade","data":{"e":"aggTrade","E":1721723532177,"a":1709050239,"s":"ETHUSDT","p":"3511.13","q":"0.406","f":4229296652,"l":4229296653,"T":1721723532160,"m":false}}
2024-07-23T16:32:12.108680Z info 8173 {"stream":"ethusdt@aggTrade","data":{"e":"aggTrade","E":1721723532178,"a":1709050240,"s":"ETHUSDT","p":"3511.23","q":"1.775","f":4229296654,"l":4229296657,"T":1721723532175,"m":false}}
2024-07-23T16:32:12.123948Z info 8173 {"stream":"xrpusdt@aggTrade","data":{"e":"aggTrade","E":1721723532193,"a":431751779,"s":"XRPUSDT","p":"0.5994","q":"3368.2","f":1535426585,"l":1535426585,"T":1721723532189,"m":true}}
2024-07-23T16:32:12.137945Z info 8173 {"stream":"ethusdt@aggTrade","data":{"e":"aggTrade","E":1721723532208,"a":1709050241,"s":"ETHUSDT","p":"3511.22","q":"1.000","f":4229296658,"l":4229296658,"T":1721723532176,"m":true}}
2024-07-23T16:32:12.225477Z info 8173 {"stream":"ethusdt@aggTrade","data":{"e":"aggTrade","E":1721723532293,"a":1709050242,"s":"ETHUSDT","p":"3511.26","q":"1.640","f":4229296659,"l":4229296697,"T":1721723532206,"m":false}}
2024-07-23T16:32:12.230887Z info 8173 {"stream":"ethusdt@aggTrade","data":{"e":"aggTrade","E":1721723532301,"a":1709050243,"s":"ETHUSDT","p":"3511.25","q":"0.034","f":4229296698,"l":4229296698,"T":1721723532290,"m":true}}
2024-07-23T16:32:12.233454Z info 8173 {"stream":"ethusdt@aggTrade","data":{"e":"aggTrade","E":1721723532303,"a":1709050244,"s":"ETHUSDT","p":"3511.26","q":"1.092","f":4229296699,"l":4229296699,"T":1721723532299,"m":false}}
2024-07-23T16:32:12.246948Z info 8173 {"stream":"ethusdt@aggTrade","data":{"e":"aggTrade","E":1721723532317,"a":1709050245,"s":"ETHUSDT","p":"3511.25","q":"1.428","f":4229296700,"l":4229296700,"T":1721723532301,"m":true}}
2024-07-23T16:32:12.274088Z info 8173 {"stream":"xrpusdt@aggTrade","data":{"e":"aggTrade","E":1721723532344,"a":431751780,"s":"XRPUSDT","p":"0.5995","q":"16505.1","f":1535426586,"l":1535426599,"T":1721723532191,"m":false}}
2024-07-23T16:32:12.296615Z info 8173 {"stream":"ethusdt@aggTrade","data":{"e":"aggTrade","E":1721723532366,"a":1709050246,"s":"ETHUSDT","p":"3511.26","q":"0.685","f":4229296701,"l":4229296703,"T":1721723532314,"m":false}}
2024-07-23T16:32:12.302552Z info 8173 {"stream":"ethusdt@aggTrade","data":{"e":"aggTrade","E":1721723532372,"a":1709050247,"s":"ETHUSDT","p":"3511.25","q":"0.106","f":4229296704,"l":4229296705,"T":1721723532365,"m":true}}
2024-07-23T16:32:12.334204Z info 8173 {"stream":"ethusdt@aggTrade","data":{"e":"aggTrade","E":1721723532403,"a":1709050248,"s":"ETHUSDT","p":"3511.26","q":"3.301","f":4229296706,"l":4229296718,"T":1721723532371,"m":false}}
2024-07-23T16:32:12.334241Z info 8173 {"stream":"ethusdt@aggTrade","data":{"e":"aggTrade","E":1721723532403,"a":1709050249,"s":"ETHUSDT","p":"3511.27","q":"5.400","f":4229296719,"l":4229296724,"T":1721723532401,"m":false}}
2024-07-23T16:32:12.334274Z info 8173 {"stream":"ethusdt@aggTrade","data":{"e":"aggTrade","E":1721723532403,"a":1709050250,"s":"ETHUSDT","p":"3511.28","q":"1.822","f":4229296725,"l":4229296726,"T":1721723532401,"m":false}}
2024-07-23T16:32:12.354868Z info 8173 {"stream":"ethusdt@aggTrade","data":{"e":"aggTrade","E":1721723532424,"a":1709050251,"s":"ETHUSDT","p":"3511.29","q":"0.437","f":4229296727,"l":4229296729,"T":1721723532401,"m":false}}
2024-07-23T16:32:12.391750Z info 8173 {"stream":"ethusdt@aggTrade","data":{"e":"aggTrade","E":1721723532461,"a":1709050252,"s":"ETHUSDT","p":"3511.34","q":"0.013","f":4229296730,"l":4229296731,"T":1721723532422,"m":false}}
2024-07-23T16:32:12.425245Z info 8173 {"stream":"ethusdt@aggTrade","data":{"e":"aggTrade","E":1721723532495,"a":1709050253,"s":"ETHUSDT","p":"3511.38","q":"0.282","f":4229296732,"l":4229296734,"T":1721723532458,"m":true}}
2024-07-23T16:32:12.558214Z info 8173 {"stream":"ethusdt@aggTrade","data":{"e":"aggTrade","E":1721723532627,"a":1709050254,"s":"ETHUSDT","p":"3511.39","q":"5.633","f":4229296735,"l":4229296751,"T":1721723532493,"m":false}}
2024-07-23T16:32:12.558256Z info 8173 {"stream":"ethusdt@aggTrade","data":{"e":"aggTrade","E":1721723532627,"a":1709050255,"s":"ETHUSDT","p":"3511.39","q":"10.201","f":4229296752,"l":4229296766,"T":1721723532623,"m":false}}
2024-07-23T16:32:12.558278Z info 8173 {"stream":"ethusdt@aggTrade","data":{"e":"aggTrade","E":1721723532627,"a":1709050256,"s":"ETHUSDT","p":"3511.43","q":"0.006","f":4229296767,"l":4229296767,"T":1721723532624,"m":false}}
2024-07-23T16:32:12.563224Z info 8173 {"stream":"ethusdt@aggTrade","data":{"e":"aggTrade","E":1721723532632,"a":1709050257,"s":"ETHUSDT","p":"3511.45","q":"0.009","f":4229296768,"l":4229296768,"T":1721723532624,"m":false}}
2024-07-23T16:32:12.563257Z info 8173 {"stream":"ethusdt@aggTrade","data":{"e":"aggTrade","E":1721723532632,"a":1709050258,"s":"ETHUSDT","p":"3511.55","q":"0.231","f":4229296769,"l":4229296769,"T":1721723532630,"m":false}}
2024-07-23T16:32:12.585704Z info 8173 {"stream":"ethusdt@aggTrade","data":{"e":"aggTrade","E":1721723532656,"a":1709050259,"s":"ETHUSDT","p":"3511.56","q":"0.051","f":4229296770,"l":4229296771,"T":1721723532630,"m":false}}
2024-07-23T16:32:12.588554Z info 8173 {"stream":"ethusdt@aggTrade","data":{"e":"aggTrade","E":1721723532659,"a":1709050260,"s":"ETHUSDT","p":"3511.56","q":"1.709","f":4229296772,"l":4229296773,"T":1721723532654,"m":true}}
2024-07-23T16:32:12.607253Z info 8173 {"stream":"ethusdt@aggTrade","data":{"e":"aggTrade","E":1721723532677,"a":1709050261,"s":"ETHUSDT","p":"3511.57","q":"3.104","f":4229296774,"l":4229296805,"T":1721723532657,"m":false}}
2024-07-23T16:32:12.614334Z info 8173 {"stream":"ethusdt@aggTrade","data":{"e":"aggTrade","E":1721723532684,"a":1709050262,"s":"ETHUSDT","p":"3511.57","q":"0.372","f":4229296806,"l":4229296806,"T":1721723532675,"m":true}}
2024-07-23T16:32:12.614372Z info 8173 {"stream":"ethusdt@aggTrade","data":{"e":"aggTrade","E":1721723532684,"a":1709050263,"s":"ETHUSDT","p":"3511.58","q":"0.103","f":4229296807,"l":4229296811,"T":1721723532682,"m":false}}
2024-07-23T16:32:12.614405Z info 8173 {"stream":"ethusdt@aggTrade","data":{"e":"aggTrade","E":1721723532684,"a":1709050264,"s":"ETHUSDT","p":"3511.60","q":"0.106","f":4229296812,"l":4229296814,"T":1721723532682,"m":false}}
2024-07-23T16:32:12.614428Z info 8173 {"stream":"ethusdt@aggTrade","data":{"e":"aggTrade","E":1721723532684,"a":1709050265,"s":"ETHUSDT","p":"3511.61","q":"0.137","f":4229296815,"l":4229296818,"T":1721723532682,"m":false}}
2024-07-23T16:32:12.614459Z info 8173 {"stream":"ethusdt@aggTrade","data":{"e":"aggTrade","E":1721723532684,"a":1709050266,"s":"ETHUSDT","p":"3511.62","q":"0.143","f":4229296819,"l":4229296821,"T":1721723532682,"m":false}}
2024-07-23T16:32:12.638315Z info 8173 {"stream":"ethusdt@aggTrade","data":{"e":"aggTrade","E":1721723532708,"a":1709050267,"s":"ETHUSDT","p":"3511.63","q":"0.059","f":4229296822,"l":4229296828,"T":1721723532682,"m":false}}
2024-07-23T16:32:12.638346Z info 8173 {"stream":"ethusdt@aggTrade","data":{"e":"aggTrade","E":1721723532708,"a":1709050268,"s":"ETHUSDT","p":"3511.64","q":"0.700","f":4229296829,"l":4229296831,"T":1721723532705,"m":false}}
2024-07-23T16:32:12.638386Z info 8173 {"stream":"ethusdt@aggTrade","data":{"e":"aggTrade","E":1721723532708,"a":1709050269,"s":"ETHUSDT","p":"3511.65","q":"0.193","f":4229296832,"l":4229296834,"T":1721723532705,"m":false}}
2024-07-23T16:32:12.638418Z info 8173 {"stream":"ethusdt@aggTrade","data":{"e":"aggTrade","E":1721723532708,"a":1709050270,"s":"ETHUSDT","p":"3511.66","q":"0.565","f":4229296835,"l":4229296840,"T":1721723532705,"m":false}}
2024-07-23T16:32:12.638450Z info 8173 {"stream":"ethusdt@aggTrade","data":{"e":"aggTrade","E":1721723532708,"a":1709050271,"s":"ETHUSDT","p":"3511.67","q":"0.265","f":4229296841,"l":4229296841,"T":1721723532705,"m":false}}
2024-07-23T16:32:12.638482Z info 8173 {"stream":"ethusdt@aggTrade","data":{"e":"aggTrade","E":1721723532708,"a":1709050272,"s":"ETHUSDT","p":"3511.68","q":"1.110","f":4229296842,"l":4229296842,"T":1721723532705,"m":false}}
2024-07-23T16:32:12.639951Z info 8173 {"stream":"ethusdt@aggTrade","data":{"e":"aggTrade","E":1721723532711,"a":1709050273,"s":"ETHUSDT","p":"3511.63","q":"0.018","f":4229296843,"l":4229296843,"T":1721723532705,"m":true}}
2024-07-23T16:32:12.641121Z info 8173 {"stream":"ethusdt@aggTrade","data":{"e":"aggTrade","E":1721723532711,"a":1709050274,"s":"ETHUSDT","p":"3511.68","q":"0.674","f":4229296844,"l":4229296844,"T":1721723532708,"m":false}}
2024-07-23T16:32:12.655478Z info 8173 {"stream":"ethusdt@aggTrade","data":{"e":"aggTrade","E":1721723532726,"a":1709050275,"s":"ETHUSDT","p":"3511.66","q":"1.537","f":4229296845,"l":4229296845,"T":1721723532709,"m":true}}
2024-07-23T16:32:12.663784Z info 8173 {"stream":"ethusdt@aggTrade","data":{"e":"aggTrade","E":1721723532734,"a":1709050276,"s":"ETHUSDT","p":"3511.68","q":"2.666","f":4229296846,"l":4229296851,"T":1721723532724,"m":false}}
2024-07-23T16:32:12.674024Z info 8173 {"stream":"ethusdt@aggTrade","data":{"e":"aggTrade","E":1721723532744,"a":1709050277,"s":"ETHUSDT","p":"3511.70","q":"1.147","f":4229296852,"l":4229296852,"T":1721723532732,"m":true}}
2024-07-23T16:32:12.674059Z info 8173 {"stream":"ethusdt@aggTrade","data":{"e":"aggTrade","E":1721723532744,"a":1709050278,"s":"ETHUSDT","p":"3511.71","q":"0.580","f":4229296853,"l":4229296855,"T":1721723532741,"m":false}}
2024-07-23T16:32:12.680204Z info 8173 {"stream":"ethusdt@aggTrade","data":{"e":"aggTrade","E":1721723532750,"a":1709050279,"s":"ETHUSDT","p":"3511.72","q":"0.400","f":4229296856,"l":4229296856,"T":1721723532741,"m":false}}
2024-07-23T16:32:12.681284Z info 8173 {"stream":"ethusdt@aggTrade","data":{"e":"aggTrade","E":1721723532752,"a":1709050280,"s":"ETHUSDT","p":"3511.73","q":"5.658","f":4229296857,"l":4229296858,"T":1721723532748,"m":false}}
2024-07-23T16:32:12.681317Z info 8173 {"stream":"ethusdt@aggTrade","data":{"e":"aggTrade","E":1721723532752,"a":1709050281,"s":"ETHUSDT","p":"3511.74","q":"0.006","f":4229296859,"l":4229296859,"T":1721723532749,"m":false}}
2024-07-23T16:32:12.722981Z info 8173 {"stream":"ethusdt@aggTrade","data":{"e":"aggTrade","E":1721723532793,"a":1709050282,"s":"ETHUSDT","p":"3511.75","q":"0.301","f":4229296860,"l":4229296860,"T":1721723532749,"m":false}}
2024-07-23T16:32:12.790632Z info 8173 {"stream":"ethusdt@aggTrade","data":{"e":"aggTrade","E":1721723532861,"a":1709050283,"s":"ETHUSDT","p":"3511.74","q":"0.187","f":4229296861,"l":4229296864,"T":1721723532791,"m":true}}
2024-07-23T16:32:12.796711Z info 8173 {"stream":"xrpusdt@aggTrade","data":{"e":"aggTrade","E":1721723532867,"a":431751781,"s":"XRPUSDT","p":"0.5996","q":"8181.0","f":1535426600,"l":1535426611,"T":1721723532742,"m":false}}
2024-07-23T16:32:12.819708Z info 8173 {"stream":"ethusdt@aggTrade","data":{"e":"aggTrade","E":1721723532889,"a":1709050284,"s":"ETHUSDT","p":"3511.75","q":"3.114","f":4229296865,"l":4229296867,"T":1721723532858,"m":false}}
2024-07-23T16:32:12.866348Z info 8173 {"stream":"ethusdt@aggTrade","data":{"e":"aggTrade","E":1721723532934,"a":1709050285,"s":"ETHUSDT","p":"3511.74","q":"0.415","f":4229296868,"l":4229296870,"T":1721723532887,"m":true}}
2024-07-23T16:32:12.907154Z info 8173 {"stream":"ethusdt@aggTrade","data":{"e":"aggTrade","E":1721723532976,"a":1709050286,"s":"ETHUSDT","p":"3511.75","q":"0.013","f":4229296871,"l":4229296871,"T":1721723532932,"m":false}}
2024-07-23T16:32:12.909083Z info 8173 {"stream":"ethusdt@aggTrade","data":{"e":"aggTrade","E":1721723532979,"a":1709050287,"s":"ETHUSDT","p":"3511.74","q":"0.003","f":4229296872,"l":4229296872,"T":1721723532974,"m":true}}
2024-07-23T16:32:12.931676Z info 8173 {"stream":"ethusdt@aggTrade","data":{"e":"aggTrade","E":1721723533002,"a":1709050288,"s":"ETHUSDT","p":"3511.75","q":"2.089","f":4229296873,"l":4229296894,"T":1721723532977,"m":false}}
2024-07-23T16:32:12.931712Z info 8173 {"stream":"ethusdt@aggTrade","data":{"e":"aggTrade","E":1721723533002,"a":1709050289,"s":"ETHUSDT","p":"3511.76","q":"0.023","f":4229296895,"l":4229296896,"T":1721723532999,"m":false}}
2024-07-23T16:32:12.946627Z info 8173 {"stream":"xrpusdt@aggTrade","data":{"e":"aggTrade","E":1721723533018,"a":431751782,"s":"XRPUSDT","p":"0.5997","q":"3325.2","f":1535426612,"l":1535426624,"T":1721723532866,"m":false}}
2024-07-23T16:32:12.954654Z info 8173 {"stream":"ethusdt@aggTrade","data":{"e":"aggTrade","E":1721723533024,"a":1709050290,"s":"ETHUSDT","p":"3511.77","q":"2.507","f":4229296897,"l":4229296910,"T":1721723532999,"m":false}}
2024-07-23T16:32:12.954694Z info 8173 {"stream":"ethusdt@aggTrade","data":{"e":"aggTrade","E":1721723533025,"a":1709050291,"s":"ETHUSDT","p":"3511.78","q":"0.024","f":4229296911,"l":4229296913,"T":1721723533022,"m":false}}
2024-07-23T16:32:12.956859Z info 8173 {"stream":"ethusdt@aggTrade","data":{"e":"aggTrade","E":1721723533025,"a":1709050292,"s":"ETHUSDT","p":"3511.79","q":"0.450","f":4229296914,"l":4229296919,"T":1721723533022,"m":false}}
2024-07-23T16:32:12.956894Z info 8173 {"stream":"ethusdt@aggTrade","data":{"e":"aggTrade","E":1721723533025,"a":1709050293,"s":"ETHUSDT","p":"3511.76","q":"1.000","f":4229296920,"l":4229296920,"T":1721723533023,"m":true}}
2024-07-23T16:32:12.956926Z info 8173 {"stream":"ethusdt@aggTrade","data":{"e":"aggTrade","E":1721723533025,"a":1709050294,"s":"ETHUSDT","p":"3511.79","q":"0.075","f":4229296921,"l":4229296921,"T":1721723533023,"m":false}}
2024-07-23T16:32:12.956958Z info 8173 {"stream":"ethusdt@aggTrade","data":{"e":"aggTrade","E":1721723533025,"a":1709050295,"s":"ETHUSDT","p":"3511.76","q":"1.500","f":4229296922,"l":4229296922,"T":1721723533023,"m":true}}
2024-07-23T16:32:12.956988Z info 8173 {"stream":"ethusdt@aggTrade","data":{"e":"aggTrade","E":1721723533026,"a":1709050296,"s":"ETHUSDT","p":"3511.79","q":"3.746","f":4229296923,"l":4229296925,"T":1721723533023,"m":false}}
2024-07-23T16:32:12.957021Z info 8173 {"stream":"ethusdt@aggTrade","data":{"e":"aggTrade","E":1721723533026,"a":1709050297,"s":"ETHUSDT","p":"3511.80","q":"0.044","f":4229296926,"l":4229296929,"T":1721723533023,"m":false}}
2024-07-23T16:32:12.957043Z info 8173 {"stream":"ethusdt@aggTrade","data":{"e":"aggTrade","E":1721723533026,"a":1709050298,"s":"ETHUSDT","p":"3511.81","q":"0.036","f":4229296930,"l":4229296932,"T":1721723533023,"m":false}}
2024-07-23T16:32:12.957065Z info 8173 {"stream":"ethusdt@aggTrade","data":{"e":"aggTrade","E":1721723533026,"a":1709050299,"s":"ETHUSDT","p":"3511.82","q":"1.146","f":4229296933,"l":4229296936,"T":1721723533023,"m":false}}
2024-07-23T16:32:12.957072Z info 8173 {"stream":"ethusdt@aggTrade","data":{"e":"aggTrade","E":1721723533026,"a":1709050300,"s":"ETHUSDT","p":"3511.83","q":"0.261","f":4229296937,"l":4229296945,"T":1721723533023,"m":false}}
2024-07-23T16:32:12.957100Z info 8173 {"stream":"ethusdt@aggTrade","data":{"e":"aggTrade","E":1721723533026,"a":1709050301,"s":"ETHUSDT","p":"3511.84","q":"0.044","f":4229296946,"l":4229296947,"T":1721723533023,"m":false}}
2024-07-23T16:32:12.957122Z info 8173 {"stream":"ethusdt@aggTrade","data":{"e":"aggTrade","E":1721723533026,"a":1709050302,"s":"ETHUSDT","p":"3511.85","q":"0.424","f":4229296948,"l":4229296949,"T":1721723533023,"m":false}}
2024-07-23T16:32:12.957144Z info 8173 {"stream":"ethusdt@aggTrade","data":{"e":"aggTrade","E":1721723533026,"a":1709050303,"s":"ETHUSDT","p":"3511.86","q":"0.722","f":4229296950,"l":4229296951,"T":1721723533023,"m":false}}
2024-07-23T16:32:12.957176Z info 8173 {"stream":"ethusdt@aggTrade","data":{"e":"aggTrade","E":1721723533026,"a":1709050304,"s":"ETHUSDT","p":"3511.87","q":"0.008","f":4229296952,"l":4229296952,"T":1721723533023,"m":false}}
2024-07-23T16:32:12.957209Z info 8173 {"stream":"ethusdt@aggTrade","data":{"e":"aggTrade","E":1721723533026,"a":1709050305,"s":"ETHUSDT","p":"3511.88","q":"0.021","f":4229296953,"l":4229296954,"T":1721723533023,"m":false}}
2024-07-23T16:32:12.957241Z info 8173 {"stream":"ethusdt@aggTrade","data":{"e":"aggTrade","E":1721723533026,"a":1709050306,"s":"ETHUSDT","p":"3511.89","q":"0.048","f":4229296955,"l":4229296957,"T":1721723533023,"m":false}}
2024-07-23T16:32:12.957274Z info 8173 {"stream":"ethusdt@aggTrade","data":{"e":"aggTrade","E":1721723533026,"a":1709050307,"s":"ETHUSDT","p":"3511.90","q":"0.087","f":4229296958,"l":4229296960,"T":1721723533023,"m":false}}
2024-07-23T16:32:12.957306Z info 8173 {"stream":"ethusdt@aggTrade","data":{"e":"aggTrade","E":1721723533026,"a":1709050308,"s":"ETHUSDT","p":"3511.91","q":"0.047","f":4229296961,"l":4229296961,"T":1721723533023,"m":false}}
2024-07-23T16:32:12.957348Z info 8173 {"stream":"ethusdt@aggTrade","data":{"e":"aggTrade","E":1721723533026,"a":1709050309,"s":"ETHUSDT","p":"3511.92","q":"0.215","f":4229296962,"l":4229296963,"T":1721723533023,"m":false}}
2024-07-23T16:32:12.957381Z info 8173 {"stream":"ethusdt@aggTrade","data":{"e":"aggTrade","E":1721723533026,"a":1709050310,"s":"ETHUSDT","p":"3511.93","q":"63.399","f":4229296964,"l":4229296967,"T":1721723533023,"m":false}}
2024-07-23T16:32:12.957414Z info 8173 {"stream":"ethusdt@aggTrade","data":{"e":"aggTrade","E":1721723533026,"a":1709050311,"s":"ETHUSDT","p":"3511.76","q":"0.440","f":4229296968,"l":4229296970,"T":1721723533023,"m":true}}
2024-07-23T16:32:12.957446Z info 8173 {"stream":"ethusdt@aggTrade","data":{"e":"aggTrade","E":1721723533026,"a":1709050312,"s":"ETHUSDT","p":"3511.93","q":"0.500","f":4229296971,"l":4229296971,"T":1721723533023,"m":false}}
2024-07-23T16:32:12.957479Z info 8173 {"stream":"ethusdt@aggTrade","data":{"e":"aggTrade","E":1721723533026,"a":1709050313,"s":"ETHUSDT","p":"3511.76","q":"3.578","f":4229296972,"l":4229296973,"T":1721723533023,"m":true}}
2024-07-23T16:32:12.957511Z info 8173 {"stream":"ethusdt@aggTrade","data":{"e":"aggTrade","E":1721723533026,"a":1709050314,"s":"ETHUSDT","p":"3511.93","q":"0.034","f":4229296974,"l":4229296974,"T":1721723533023,"m":false}}
2024-07-23T16:32:12.957543Z info 8173 {"stream":"ethusdt@aggTrade","data":{"e":"aggTrade","E":1721723533026,"a":1709050315,"s":"ETHUSDT","p":"3511.76","q":"0.211","f":4229296975,"l":4229296975,"T":1721723533023,"m":true}}
2024-07-23T16:32:12.957576Z info 8173 {"stream":"ethusdt@aggTrade","data":{"e":"aggTrade","E":1721723533026,"a":1709050316,"s":"ETHUSDT","p":"3511.93","q":"2.603","f":4229296976,"l":4229296976,"T":1721723533023,"m":false}}
2024-07-23T16:32:12.957598Z info 8173 {"stream":"ethusdt@aggTrade","data":{"e":"aggTrade","E":1721723533026,"a":1709050317,"s":"ETHUSDT","p":"3511.76","q":"1.114","f":4229296977,"l":4229296978,"T":1721723533023,"m":true}}
2024-07-23T16:32:12.957605Z info 8173 {"stream":"ethusdt@aggTrade","data":{"e":"aggTrade","E":1721723533026,"a":1709050318,"s":"ETHUSDT","p":"3511.93","q":"35.007","f":4229296979,"l":4229296980,"T":1721723533023,"m":false}}
2024-07-23T16:32:12.957626Z info 8173 {"stream":"ethusdt@aggTrade","data":{"e":"aggTrade","E":1721723533026,"a":1709050319,"s":"ETHUSDT","p":"3511.94","q":"1.915","f":4229296981,"l":4229296983,"T":1721723533023,"m":false}}
2024-07-23T16:32:12.957648Z info 8173 {"stream":"ethusdt@aggTrade","data":{"e":"aggTrade","E":1721723533026,"a":1709050320,"s":"ETHUSDT","p":"3511.95","q":"6.944","f":4229296984,"l":4229296986,"T":1721723533023,"m":false}}
2024-07-23T16:32:12.957670Z info 8173 {"stream":"ethusdt@aggTrade","data":{"e":"aggTrade","E":1721723533026,"a":1709050321,"s":"ETHUSDT","p":"3511.96","q":"0.021","f":4229296987,"l":4229296988,"T":1721723533023,"m":false}}
2024-07-23T16:32:12.957677Z info 8173 {"stream":"ethusdt@aggTrade","data":{"e":"aggTrade","E":1721723533026,"a":1709050322,"s":"ETHUSDT","p":"3511.97","q":"0.047","f":4229296989,"l":4229296991,"T":1721723533023,"m":false}}
2024-07-23T16:32:12.957682Z info 8173 {"stream":"ethusdt@aggTrade","data":{"e":"aggTrade","E":1721723533026,"a":1709050323,"s":"ETHUSDT","p":"3511.98","q":"2.382","f":4229296992,"l":4229296998,"T":1721723533023,"m":false}}
2024-07-23T16:32:12.957692Z info 8173 {"stream":"ethusdt@aggTrade","data":{"e":"aggTrade","E":1721723533027,"a":1709050324,"s":"ETHUSDT","p":"3511.89","q":"0.017","f":4229296999,"l":4229296999,"T":1721723533023,"m":true}}
2024-07-23T16:32:12.957697Z info 8173 {"stream":"ethusdt@aggTrade","data":{"e":"aggTrade","E":1721723533027,"a":1709050325,"s":"ETHUSDT","p":"3511.98","q":"0.298","f":4229297000,"l":4229297002,"T":1721723533023,"m":false}}
2024-07-23T16:32:12.957718Z info 8173 {"stream":"ethusdt@aggTrade","data":{"e":"aggTrade","E":1721723533027,"a":1709050326,"s":"ETHUSDT","p":"3511.99","q":"0.088","f":4229297003,"l":4229297003,"T":1721723533023,"m":false}}
2024-07-23T16:32:12.957740Z info 8173 {"stream":"ethusdt@aggTrade","data":{"e":"aggTrade","E":1721723533027,"a":1709050327,"s":"ETHUSDT","p":"3512.00","q":"37.582","f":4229297004,"l":4229297038,"T":1721723533023,"m":false}}
2024-07-23T16:32:12.960100Z info 8173 {"stream":"ethusdt@aggTrade","data":{"e":"aggTrade","E":1721723533029,"a":1709050328,"s":"ETHUSDT","p":"3511.92","q":"10.000","f":4229297039,"l":4229297040,"T":1721723533023,"m":true}}
2024-07-23T16:32:12.961861Z info 8173 {"stream":"ethusdt@aggTrade","data":{"e":"aggTrade","E":1721723533032,"a":1709050329,"s":"ETHUSDT","p":"3512.00","q":"2.226","f":4229297041,"l":4229297041,"T":1721723533027,"m":false}}
2024-07-23T16:32:12.986671Z info 8173 {"stream":"ethusdt@aggTrade","data":{"e":"aggTrade","E":1721723533056,"a":1709050330,"s":"ETHUSDT","p":"3511.99","q":"0.166","f":4229297042,"l":4229297044,"T":1721723533029,"m":false}}
2024-07-23T16:32:12.993813Z info 8173 {"stream":"ethusdt@aggTrade","data":{"e":"aggTrade","E":1721723533064,"a":1709050331,"s":"ETHUSDT","p":"3511.98","q":"0.100","f":4229297045,"l":4229297047,"T":1721723533053,"m":true}}
2024-07-23T16:32:13.021197Z info 8173 {"stream":"ethusdt@aggTrade","data":{"e":"aggTrade","E":1721723533091,"a":1709050332,"s":"ETHUSDT","p":"3511.99","q":"2.264","f":4229297048,"l":4229297056,"T":1721723533061,"m":false}}
2024-07-23T16:32:13.067919Z info 8173 {"stream":"ethusdt@aggTrade","data":{"e":"aggTrade","E":1721723533137,"a":1709050333,"s":"ETHUSDT","p":"3511.98","q":"2.011","f":4229297057,"l":4229297059,"T":1721723533089,"m":true}}
2024-07-23T16:32:13.103196Z info 8173 {"stream":"ethusdt@aggTrade","data":{"e":"aggTrade","E":1721723533173,"a":1709050334,"s":"ETHUSDT","p":"3511.99","q":"16.011","f":4229297060,"l":4229297072,"T":1721723533135,"m":false}}
2024-07-23T16:32:13.106859Z info 8173 {"stream":"ethusdt@aggTrade","data":{"e":"aggTrade","E":1721723533178,"a":1709050335,"s":"ETHUSDT","p":"3511.98","q":"0.466","f":4229297073,"l":4229297073,"T":1721723533171,"m":true}}
2024-07-23T16:32:13.106896Z info 8173 {"stream":"ethusdt@aggTrade","data":{"e":"aggTrade","E":1721723533178,"a":1709050336,"s":"ETHUSDT","p":"3511.99","q":"1.015","f":4229297074,"l":4229297075,"T":1721723533174,"m":false}}
2024-07-23T16:32:13.169752Z info 8173 {"stream":"ethusdt@aggTrade","data":{"e":"aggTrade","E":1721723533241,"a":1709050337,"s":"ETHUSDT","p":"3511.98","q":"15.232","f":4229297076,"l":4229297087,"T":1721723533175,"m":true}}
2024-07-23T16:32:13.189224Z info 8173 {"stream":"ethusdt@aggTrade","data":{"e":"aggTrade","E":1721723533259,"a":1709050338,"s":"ETHUSDT","p":"3511.99","q":"2.985","f":4229297088,"l":4229297088,"T":1721723533239,"m":false}}
2024-07-23T16:32:13.196494Z info 8173 {"stream":"ethusdt@aggTrade","data":{"e":"aggTrade","E":1721723533267,"a":1709050339,"s":"ETHUSDT","p":"3511.98","q":"5.160","f":4229297089,"l":4229297092,"T":1721723533258,"m":true}}
2024-07-23T16:32:13.200826Z info 8173 {"stream":"ethusdt@aggTrade","data":{"e":"aggTrade","E":1721723533272,"a":1709050340,"s":"ETHUSDT","p":"3511.99","q":"2.000","f":4229297093,"l":4229297096,"T":1721723533265,"m":false}}
2024-07-23T16:32:13.223734Z info 8173 {"stream":"ethusdt@aggTrade","data":{"e":"aggTrade","E":1721723533292,"a":1709050341,"s":"ETHUSDT","p":"3511.98","q":"0.350","f":4229297097,"l":4229297126,"T":1721723533269,"m":true}}
2024-07-23T16:32:13.234041Z info 8173 {"stream":"ethusdt@aggTrade","data":{"e":"aggTrade","E":1721723533300,"a":1709050342,"s":"ETHUSDT","p":"3511.99","q":"17.447","f":4229297127,"l":4229297133,"T":1721723533290,"m":false}}
2024-07-23T16:32:13.239678Z info 8173 {"stream":"ethusdt@aggTrade","data":{"e":"aggTrade","E":1721723533307,"a":1709050343,"s":"ETHUSDT","p":"3511.98","q":"0.010","f":4229297134,"l":4229297134,"T":1721723533299,"m":true}}
2024-07-23T16:32:13.240415Z info 8173 {"stream":"ethusdt@aggTrade","data":{"e":"aggTrade","E":1721723533310,"a":1709050344,"s":"ETHUSDT","p":"3511.99","q":"0.030","f":4229297135,"l":4229297135,"T":1721723533306,"m":false}}
2024-07-23T16:32:13.258735Z info 8173 {"stream":"xrpusdt@aggTrade","data":{"e":"aggTrade","E":1721723533329,"a":431751783,"s":"XRPUSDT","p":"0.5996","q":"10.0","f":1535426625,"l":1535426625,"T":1721723533176,"m":true}}
2024-07-23T16:32:13.294879Z info 8173 {"stream":"ethusdt@aggTrade","data":{"e":"aggTrade","E":1721723533364,"a":1709050345,"s":"ETHUSDT","p":"3511.98","q":"0.200","f":4229297136,"l":4229297136,"T":1721723533308,"m":true}}
2024-07-23T16:32:13.404156Z info 8173 {"stream":"ethusdt@aggTrade","data":{"e":"aggTrade","E":1721723533473,"a":1709050346,"s":"ETHUSDT","p":"3511.99","q":"9.161","f":4229297137,"l":4229297162,"T":1721723533362,"m":false}}
2024-07-23T16:32:13.404197Z info 8173 {"stream":"ethusdt@aggTrade","data":{"e":"aggTrade","E":1721723533473,"a":1709050347,"s":"ETHUSDT","p":"3511.99","q":"6.300","f":4229297163,"l":4229297169,"T":1721723533469,"m":false}}
2024-07-23T16:32:13.420446Z info 8173 {"stream":"ethusdt@aggTrade","data":{"e":"aggTrade","E":1721723533491,"a":1709050348,"s":"ETHUSDT","p":"3512.00","q":"23.494","f":4229297170,"l":4229297173,"T":1721723533469,"m":false}}
2024-07-23T16:32:13.434184Z info 8173 {"stream":"ethusdt@aggTrade","data":{"e":"aggTrade","E":1721723533504,"a":1709050349,"s":"ETHUSDT","p":"3511.99","q":"7.959","f":4229297174,"l":4229297175,"T":1721723533489,"m":true}}
2024-07-23T16:32:13.511473Z info 8173 {"stream":"xrpusdt@aggTrade","data":{"e":"aggTrade","E":1721723533581,"a":431751784,"s":"XRPUSDT","p":"0.5996","q":"178.9","f":1535426626,"l":1535426626,"T":1721723533540,"m":true}}
2024-07-23T16:32:13.539929Z info 8173 {"stream":"ethusdt@aggTrade","data":{"e":"aggTrade","E":1721723533611,"a":1709050350,"s":"ETHUSDT","p":"3512.00","q":"6.018","f":4229297176,"l":4229297181,"T":1721723533502,"m":false}}
2024-07-23T16:32:13.617902Z info 8173 {"stream":"ethusdt@aggTrade","data":{"e":"aggTrade","E":1721723533688,"a":1709050351,"s":"ETHUSDT","p":"3512.00","q":"50.000","f":4229297182,"l":4229297182,"T":1721723533607,"m":false}}
2024-07-23T16:32:13.622457Z info 8173 {"stream":"xrpusdt@aggTrade","data":{"e":"aggTrade","E":1721723533692,"a":431751785,"s":"XRPUSDT","p":"0.5997","q":"4000.0","f":1535426627,"l":1535426629,"T":1721723533578,"m":false}}
2024-07-23T16:32:13.632990Z info 8173 {"stream":"ethusdt@aggTrade","data":{"e":"aggTrade","E":1721723533703,"a":1709050352,"s":"ETHUSDT","p":"3511.99","q":"0.082","f":4229297183,"l":4229297185,"T":1721723533686,"m":true}}
2024-07-23T16:32:13.705704Z info 8173 {"stream":"ethusdt@aggTrade","data":{"e":"aggTrade","E":1721723533775,"a":1709050353,"s":"ETHUSDT","p":"3512.00","q":"9.326","f":4229297186,"l":4229297192,"T":1721723533701,"m":false}}
2024-07-23T16:32:13.716456Z info 8173 {"stream":"ethusdt@aggTrade","data":{"e":"aggTrade","E":1721723533786,"a":1709050354,"s":"ETHUSDT","p":"3511.99","q":"0.009","f":4229297193,"l":4229297193,"T":1721723533773,"m":true}}
2024-07-23T16:32:13.722666Z info 8173 {"stream":"ethusdt@aggTrade","data":{"e":"aggTrade","E":1721723533792,"a":1709050355,"s":"ETHUSDT","p":"3512.00","q":"10.000","f":4229297194,"l":4229297194,"T":1721723533784,"m":false}}
2024-07-23T16:32:13.734421Z info 8173 {"stream":"ethusdt@aggTrade","data":{"e":"aggTrade","E":1721723533804,"a":1709050356,"s":"ETHUSDT","p":"3511.99","q":"0.779","f":4229297195,"l":4229297198,"T":1721723533790,"m":true}}
2024-07-23T16:32:13.746888Z info 8173 {"stream":"ethusdt@aggTrade","data":{"e":"aggTrade","E":1721723533817,"a":1709050357,"s":"ETHUSDT","p":"3512.00","q":"1.021","f":4229297199,"l":4229297200,"T":1721723533803,"m":false}}
2024-07-23T16:32:13.749770Z info 8173 {"stream":"ethusdt@aggTrade","data":{"e":"aggTrade","E":1721723533820,"a":1709050358,"s":"ETHUSDT","p":"3511.99","q":"3.451","f":4229297201,"l":4229297202,"T":1721723533814,"m":true}}
2024-07-23T16:32:13.771572Z info 8173 {"stream":"xrpusdt@aggTrade","data":{"e":"aggTrade","E":1721723533841,"a":431751786,"s":"XRPUSDT","p":"0.5996","q":"6907.8","f":1535426630,"l":1535426641,"T":1721723533689,"m":true}}
2024-07-23T16:32:13.784449Z info 8173 {"stream":"xrpusdt@aggTrade","data":{"e":"aggTrade","E":1721723533855,"a":431751787,"s":"XRPUSDT","p":"0.5995","q":"7520.6","f":1535426642,"l":1535426644,"T":1721723533839,"m":true}}
2024-07-23T16:32:13.888154Z info 8173 {"stream":"ethusdt@aggTrade","data":{"e":"aggTrade","E":1721723533959,"a":1709050359,"s":"ETHUSDT","p":"3512.00","q":"6.006","f":4229297203,"l":4229297205,"T":1721723533818,"m":false}}
2024-07-23T16:32:13.935548Z info 8173 {"stream":"xrpusdt@aggTrade","data":{"e":"aggTrade","E":1721723534006,"a":431751788,"s":"XRPUSDT","p":"0.5996","q":"13.1","f":1535426645,"l":1535426645,"T":1721723533853,"m":false}}
2024-07-23T16:32:13.963439Z info 8173 {"stream":"ethusdt@aggTrade","data":{"e":"aggTrade","E":1721723534033,"a":1709050360,"s":"ETHUSDT","p":"3512.00","q":"14.156","f":4229297206,"l":4229297217,"T":1721723533957,"m":false}}
2024-07-23T16:32:13.993615Z info 8173 {"stream":"ethusdt@aggTrade","data":{"e":"aggTrade","E":1721723534065,"a":1709050361,"s":"ETHUSDT","p":"3511.99","q":"1.417","f":4229297218,"l":4229297219,"T":1721723534028,"m":true}}
2024-07-23T16:32:14.008146Z info 8173 {"stream":"ethusdt@aggTrade","data":{"e":"aggTrade","E":1721723534076,"a":1709050362,"s":"ETHUSDT","p":"3512.00","q":"79.694","f":4229297220,"l":4229297278,"T":1721723534062,"m":false}}
2024-07-23T16:32:14.008183Z info 8173 {"stream":"ethusdt@aggTrade","data":{"e":"aggTrade","E":1721723534076,"a":1709050363,"s":"ETHUSDT","p":"3512.01","q":"0.058","f":4229297279,"l":4229297280,"T":1721723534073,"m":false}}
2024-07-23T16:32:14.008190Z info 8173 {"stream":"ethusdt@aggTrade","data":{"e":"aggTrade","E":1721723534076,"a":1709050364,"s":"ETHUSDT","p":"3512.02","q":"0.006","f":4229297281,"l":4229297281,"T":1721723534073,"m":false}}
2024-07-23T16:32:14.008195Z info 8173 {"stream":"ethusdt@aggTrade","data":{"e":"aggTrade","E":1721723534076,"a":1709050365,"s":"ETHUSDT","p":"3512.05","q":"0.028","f":4229297282,"l":4229297282,"T":1721723534073,"m":false}}
2024-07-23T16:32:14.008201Z info 8173 {"stream":"ethusdt@aggTrade","data":{"e":"aggTrade","E":1721723534076,"a":1709050366,"s":"ETHUSDT","p":"3512.06","q":"0.012","f":4229297283,"l":4229297283,"T":1721723534073,"m":false}}
2024-07-23T16:32:14.008205Z info 8173 {"stream":"ethusdt@aggTrade","data":{"e":"aggTrade","E":1721723534076,"a":1709050367,"s":"ETHUSDT","p":"3512.07","q":"3.350","f":4229297284,"l":4229297288,"T":1721723534073,"m":false}}
2024-07-23T16:32:14.008210Z info 8173 {"stream":"ethusdt@aggTrade","data":{"e":"aggTrade","E":1721723534077,"a":1709050368,"s":"ETHUSDT","p":"3512.09","q":"4.800","f":4229297289,"l":4229297289,"T":1721723534073,"m":false}}
2024-07-23T16:32:14.008215Z info 8173 {"stream":"ethusdt@aggTrade","data":{"e":"aggTrade","E":1721723534077,"a":1709050369,"s":"ETHUSDT","p":"3512.10","q":"0.925","f":4229297290,"l":4229297290,"T":1721723534073,"m":false}}
2024-07-23T16:32:14.008220Z info 8173 {"stream":"ethusdt@aggTrade","data":{"e":"aggTrade","E":1721723534077,"a":1709050370,"s":"ETHUSDT","p":"3512.11","q":"1.300","f":4229297291,"l":4229297292,"T":1721723534073,"m":false}}
2024-07-23T16:32:14.008225Z info 8173 {"stream":"ethusdt@aggTrade","data":{"e":"aggTrade","E":1721723534077,"a":1709050371,"s":"ETHUSDT","p":"3512.12","q":"0.177","f":4229297293,"l":4229297293,"T":1721723534073,"m":false}}
2024-07-23T16:32:14.008230Z info 8173 {"stream":"ethusdt@aggTrade","data":{"e":"aggTrade","E":1721723534077,"a":1709050372,"s":"ETHUSDT","p":"3512.13","q":"0.033","f":4229297294,"l":4229297295,"T":1721723534073,"m":false}}
2024-07-23T16:32:14.008235Z info 8173 {"stream":"ethusdt@aggTrade","data":{"e":"aggTrade","E":1721723534077,"a":1709050373,"s":"ETHUSDT","p":"3512.14","q":"0.013","f":4229297296,"l":4229297297,"T":1721723534073,"m":false}}
2024-07-23T16:32:14.008243Z info 8173 {"stream":"ethusdt@aggTrade","data":{"e":"aggTrade","E":1721723534077,"a":1709050374,"s":"ETHUSDT","p":"3512.16","q":"0.099","f":4229297298,"l":4229297299,"T":1721723534073,"m":false}}
2024-07-23T16:32:14.008264Z info 8173 {"stream":"ethusdt@aggTrade","data":{"e":"aggTrade","E":1721723534077,"a":1709050375,"s":"ETHUSDT","p":"3512.17","q":"1.391","f":4229297300,"l":4229297300,"T":1721723534073,"m":false}}
2024-07-23T16:32:14.008271Z info 8173 {"stream":"ethusdt@aggTrade","data":{"e":"aggTrade","E":1721723534077,"a":1709050376,"s":"ETHUSDT","p":"3512.19","q":"0.815","f":4229297301,"l":4229297303,"T":1721723534073,"m":false}}
2024-07-23T16:32:14.008277Z info 8173 {"stream":"ethusdt@aggTrade","data":{"e":"aggTrade","E":1721723534077,"a":1709050377,"s":"ETHUSDT","p":"3512.20","q":"1.217","f":4229297304,"l":4229297306,"T":1721723534073,"m":false}}
2024-07-23T16:32:14.008282Z info 8173 {"stream":"ethusdt@aggTrade","data":{"e":"aggTrade","E":1721723534077,"a":1709050378,"s":"ETHUSDT","p":"3512.23","q":"0.030","f":4229297307,"l":4229297307,"T":1721723534073,"m":false}}
2024-07-23T16:32:14.008287Z info 8173 {"stream":"ethusdt@aggTrade","data":{"e":"aggTrade","E":1721723534077,"a":1709050379,"s":"ETHUSDT","p":"3512.24","q":"0.059","f":4229297308,"l":4229297310,"T":1721723534073,"m":false}}
2024-07-23T16:32:14.008295Z info 8173 {"stream":"ethusdt@aggTrade","data":{"e":"aggTrade","E":1721723534077,"a":1709050380,"s":"ETHUSDT","p":"3512.26","q":"0.028","f":4229297311,"l":4229297311,"T":1721723534073,"m":false}}
2024-07-23T16:32:14.008300Z info 8173 {"stream":"ethusdt@aggTrade","data":{"e":"aggTrade","E":1721723534077,"a":1709050381,"s":"ETHUSDT","p":"3512.27","q":"0.014","f":4229297312,"l":4229297313,"T":1721723534073,"m":false}}
2024-07-23T16:32:14.008305Z info 8173 {"stream":"ethusdt@aggTrade","data":{"e":"aggTrade","E":1721723534077,"a":1709050382,"s":"ETHUSDT","p":"3512.28","q":"0.465","f":4229297314,"l":4229297314,"T":1721723534073,"m":false}}
2024-07-23T16:32:14.008313Z info 8173 {"stream":"ethusdt@aggTrade","data":{"e":"aggTrade","E":1721723534077,"a":1709050383,"s":"ETHUSDT","p":"3512.29","q":"0.007","f":4229297315,"l":4229297315,"T":1721723534073,"m":false}}
2024-07-23T16:32:14.008318Z info 8173 {"stream":"ethusdt@aggTrade","data":{"e":"aggTrade","E":1721723534077,"a":1709050384,"s":"ETHUSDT","p":"3512.30","q":"0.106","f":4229297316,"l":4229297320,"T":1721723534073,"m":false}}
2024-07-23T16:32:14.008323Z info 8173 {"stream":"ethusdt@aggTrade","data":{"e":"aggTrade","E":1721723534077,"a":1709050385,"s":"ETHUSDT","p":"3512.31","q":"0.967","f":4229297321,"l":4229297323,"T":1721723534073,"m":false}}
2024-07-23T16:32:14.008328Z info 8173 {"stream":"ethusdt@aggTrade","data":{"e":"aggTrade","E":1721723534077,"a":1709050386,"s":"ETHUSDT","p":"3512.33","q":"1.745","f":4229297324,"l":4229297328,"T":1721723534073,"m":false}}
2024-07-23T16:32:14.008333Z info 8173 {"stream":"ethusdt@aggTrade","data":{"e":"aggTrade","E":1721723534077,"a":1709050387,"s":"ETHUSDT","p":"3512.34","q":"2.377","f":4229297329,"l":4229297331,"T":1721723534073,"m":false}}
2024-07-23T16:32:14.008338Z info 8173 {"stream":"ethusdt@aggTrade","data":{"e":"aggTrade","E":1721723534077,"a":1709050388,"s":"ETHUSDT","p":"3512.35","q":"4.079","f":4229297332,"l":4229297338,"T":1721723534073,"m":false}}
2024-07-23T16:32:14.008343Z info 8173 {"stream":"ethusdt@aggTrade","data":{"e":"aggTrade","E":1721723534077,"a":1709050389,"s":"ETHUSDT","p":"3512.36","q":"0.008","f":4229297339,"l":4229297339,"T":1721723534073,"m":false}}
2024-07-23T16:32:14.008349Z info 8173 {"stream":"ethusdt@aggTrade","data":{"e":"aggTrade","E":1721723534077,"a":1709050390,"s":"ETHUSDT","p":"3512.37","q":"2.156","f":4229297340,"l":4229297345,"T":1721723534073,"m":false}}
2024-07-23T16:32:14.008353Z info 8173 {"stream":"ethusdt@aggTrade","data":{"e":"aggTrade","E":1721723534077,"a":1709050391,"s":"ETHUSDT","p":"3512.38","q":"1.819","f":4229297346,"l":4229297347,"T":1721723534073,"m":false}}
2024-07-23T16:32:14.008359Z info 8173 {"stream":"ethusdt@aggTrade","data":{"e":"aggTrade","E":1721723534077,"a":1709050392,"s":"ETHUSDT","p":"3512.39","q":"0.015","f":4229297348,"l":4229297348,"T":1721723534073,"m":false}}
2024-07-23T16:32:14.008365Z info 8173 {"stream":"ethusdt@aggTrade","data":{"e":"aggTrade","E":1721723534077,"a":1709050393,"s":"ETHUSDT","p":"3512.40","q":"1.387","f":4229297349,"l":4229297349,"T":1721723534073,"m":false}}
2024-07-23T16:32:14.008370Z info 8173 {"stream":"ethusdt@aggTrade","data":{"e":"aggTrade","E":1721723534077,"a":1709050394,"s":"ETHUSDT","p":"3512.41","q":"4.328","f":4229297350,"l":4229297352,"T":1721723534073,"m":false}}
2024-07-23T16:32:14.008393Z info 8173 {"stream":"ethusdt@aggTrade","data":{"e":"aggTrade","E":1721723534077,"a":1709050395,"s":"ETHUSDT","p":"3512.42","q":"0.984","f":4229297353,"l":4229297358,"T":1721723534073,"m":false}}
2024-07-23T16:32:14.008399Z info 8173 {"stream":"ethusdt@aggTrade","data":{"e":"aggTrade","E":1721723534077,"a":1709050396,"s":"ETHUSDT","p":"3512.43","q":"0.606","f":4229297359,"l":4229297360,"T":1721723534073,"m":false}}
2024-07-23T16:32:14.008404Z info 8173 {"stream":"ethusdt@aggTrade","data":{"e":"aggTrade","E":1721723534077,"a":1709050397,"s":"ETHUSDT","p":"3512.44","q":"5.749","f":4229297361,"l":4229297362,"T":1721723534073,"m":false}}
2024-07-23T16:32:14.008425Z info 8173 {"stream":"ethusdt@aggTrade","data":{"e":"aggTrade","E":1721723534077,"a":1709050398,"s":"ETHUSDT","p":"3512.45","q":"0.009","f":4229297363,"l":4229297363,"T":1721723534073,"m":false}}
2024-07-23T16:32:14.008433Z info 8173 {"stream":"ethusdt@aggTrade","data":{"e":"aggTrade","E":1721723534077,"a":1709050399,"s":"ETHUSDT","p":"3512.46","q":"0.536","f":4229297364,"l":4229297366,"T":1721723534073,"m":false}}
2024-07-23T16:32:14.008572Z info 8173 {"stream":"ethusdt@aggTrade","data":{"e":"aggTrade","E":1721723534077,"a":1709050400,"s":"ETHUSDT","p":"3512.47","q":"0.020","f":4229297367,"l":4229297368,"T":1721723534073,"m":false}}
2024-07-23T16:32:14.008583Z info 8173 {"stream":"ethusdt@aggTrade","data":{"e":"aggTrade","E":1721723534077,"a":1709050401,"s":"ETHUSDT","p":"3512.48","q":"0.015","f":4229297369,"l":4229297369,"T":1721723534073,"m":false}}
2024-07-23T16:32:14.008590Z info 8173 {"stream":"ethusdt@aggTrade","data":{"e":"aggTrade","E":1721723534077,"a":1709050402,"s":"ETHUSDT","p":"3512.49","q":"0.007","f":4229297370,"l":4229297370,"T":1721723534073,"m":false}}
2024-07-23T16:32:14.008595Z info 8173 {"stream":"ethusdt@aggTrade","data":{"e":"aggTrade","E":1721723534077,"a":1709050403,"s":"ETHUSDT","p":"3512.50","q":"2.153","f":4229297371,"l":4229297420,"T":1721723534073,"m":false}}
2024-07-23T16:32:14.008600Z info 8173 {"stream":"ethusdt@aggTrade","data":{"e":"aggTrade","E":1721723534077,"a":1709050404,"s":"ETHUSDT","p":"3512.51","q":"1.869","f":4229297421,"l":4229297432,"T":1721723534074,"m":false}}
2024-07-23T16:32:14.008607Z info 8173 {"stream":"ethusdt@aggTrade","data":{"e":"aggTrade","E":1721723534077,"a":1709050405,"s":"ETHUSDT","p":"3512.52","q":"0.116","f":4229297433,"l":4229297435,"T":1721723534074,"m":false}}
2024-07-23T16:32:14.008612Z info 8173 {"stream":"ethusdt@aggTrade","data":{"e":"aggTrade","E":1721723534077,"a":1709050406,"s":"ETHUSDT","p":"3512.54","q":"0.166","f":4229297436,"l":4229297439,"T":1721723534074,"m":false}}
2024-07-23T16:32:14.008631Z info 8173 {"stream":"ethusdt@aggTrade","data":{"e":"aggTrade","E":1721723534077,"a":1709050407,"s":"ETHUSDT","p":"3512.55","q":"1.483","f":4229297440,"l":4229297441,"T":1721723534074,"m":false}}
2024-07-23T16:32:14.008638Z info 8173 {"stream":"ethusdt@aggTrade","data":{"e":"aggTrade","E":1721723534077,"a":1709050408,"s":"ETHUSDT","p":"3512.57","q":"5.469","f":4229297442,"l":4229297443,"T":1721723534074,"m":false}}
2024-07-23T16:32:14.008644Z info 8173 {"stream":"ethusdt@aggTrade","data":{"e":"aggTrade","E":1721723534077,"a":1709050409,"s":"ETHUSDT","p":"3512.58","q":"0.047","f":4229297444,"l":4229297446,"T":1721723534074,"m":false}}
2024-07-23T16:32:14.008651Z info 8173 {"stream":"ethusdt@aggTrade","data":{"e":"aggTrade","E":1721723534077,"a":1709050410,"s":"ETHUSDT","p":"3512.59","q":"0.428","f":4229297447,"l":4229297447,"T":1721723534074,"m":false}}
2024-07-23T16:32:14.008656Z info 8173 {"stream":"ethusdt@aggTrade","data":{"e":"aggTrade","E":1721723534077,"a":1709050411,"s":"ETHUSDT","p":"3512.61","q":"1.822","f":4229297448,"l":4229297452,"T":1721723534074,"m":false}}
2024-07-23T16:32:14.008677Z info 8173 {"stream":"ethusdt@aggTrade","data":{"e":"aggTrade","E":1721723534077,"a":1709050412,"s":"ETHUSDT","p":"3512.63","q":"0.056","f":4229297453,"l":4229297454,"T":1721723534074,"m":false}}
2024-07-23T16:32:14.008685Z info 8173 {"stream":"ethusdt@aggTrade","data":{"e":"aggTrade","E":1721723534077,"a":1709050413,"s":"ETHUSDT","p":"3512.65","q":"10.437","f":4229297455,"l":4229297456,"T":1721723534074,"m":false}}
2024-07-23T16:32:14.008691Z info 8173 {"stream":"ethusdt@aggTrade","data":{"e":"aggTrade","E":1721723534077,"a":1709050414,"s":"ETHUSDT","p":"3512.66","q":"1.575","f":4229297457,"l":4229297498,"T":1721723534074,"m":false}}
2024-07-23T16:32:14.008696Z info 8173 {"stream":"ethusdt@aggTrade","data":{"e":"aggTrade","E":1721723534077,"a":1709050415,"s":"ETHUSDT","p":"3512.67","q":"2.529","f":4229297499,"l":4229297500,"T":1721723534074,"m":false}}
2024-07-23T16:32:14.008702Z info 8173 {"stream":"ethusdt@aggTrade","data":{"e":"aggTrade","E":1721723534078,"a":1709050416,"s":"ETHUSDT","p":"3512.68","q":"0.440","f":4229297501,"l":4229297523,"T":1721723534074,"m":false}}
2024-07-23T16:32:14.008724Z info 8173 {"stream":"ethusdt@aggTrade","data":{"e":"aggTrade","E":1721723534078,"a":1709050417,"s":"ETHUSDT","p":"3512.69","q":"0.012","f":4229297524,"l":4229297524,"T":1721723534074,"m":false}}
2024-07-23T16:32:14.008731Z info 8173 {"stream":"ethusdt@aggTrade","data":{"e":"aggTrade","E":1721723534078,"a":1709050418,"s":"ETHUSDT","p":"3512.70","q":"0.340","f":4229297525,"l":4229297529,"T":1721723534074,"m":false}}
2024-07-23T16:32:14.008737Z info 8173 {"stream":"ethusdt@aggTrade","data":{"e":"aggTrade","E":1721723534078,"a":1709050419,"s":"ETHUSDT","p":"3512.71","q":"0.024","f":4229297530,"l":4229297532,"T":1721723534074,"m":false}}
2024-07-23T16:32:14.008744Z info 8173 {"stream":"ethusdt@aggTrade","data":{"e":"aggTrade","E":1721723534078,"a":1709050420,"s":"ETHUSDT","p":"3512.72","q":"0.132","f":4229297533,"l":4229297536,"T":1721723534074,"m":false}}
2024-07-23T16:32:14.008750Z info 8173 {"stream":"ethusdt@aggTrade","data":{"e":"aggTrade","E":1721723534078,"a":1709050421,"s":"ETHUSDT","p":"3512.73","q":"3.373","f":4229297537,"l":4229297540,"T":1721723534074,"m":false}}
2024-07-23T16:32:14.008755Z info 8173 {"stream":"ethusdt@aggTrade","data":{"e":"aggTrade","E":1721723534078,"a":1709050422,"s":"ETHUSDT","p":"3512.74","q":"0.014","f":4229297541,"l":4229297541,"T":1721723534074,"m":false}}
2024-07-23T16:32:14.008777Z info 8173 {"stream":"ethusdt@aggTrade","data":{"e":"aggTrade","E":1721723534078,"a":1709050423,"s":"ETHUSDT","p":"3512.75","q":"1.891","f":4229297542,"l":4229297545,"T":1721723534074,"m":false}}
2024-07-23T16:32:14.008790Z info 8173 {"stream":"ethusdt@aggTrade","data":{"e":"aggTrade","E":1721723534078,"a":1709050424,"s":"ETHUSDT","p":"3512.77","q":"6.777","f":4229297546,"l":4229297548,"T":1721723534074,"m":false}}
2024-07-23T16:32:14.008811Z info 8173 {"stream":"ethusdt@aggTrade","data":{"e":"aggTrade","E":1721723534078,"a":1709050425,"s":"ETHUSDT","p":"3512.78","q":"0.154","f":4229297549,"l":4229297550,"T":1721723534074,"m":false}}
2024-07-23T16:32:14.008833Z info 8173 {"stream":"ethusdt@aggTrade","data":{"e":"aggTrade","E":1721723534078,"a":1709050426,"s":"ETHUSDT","p":"3511.99","q":"7.212","f":4229297551,"l":4229297556,"T":1721723534074,"m":true}}
2024-07-23T16:32:14.008856Z info 8173 {"stream":"ethusdt@aggTrade","data":{"e":"aggTrade","E":1721723534078,"a":1709050427,"s":"ETHUSDT","p":"3512.16","q":"0.014","f":4229297557,"l":4229297557,"T":1721723534074,"m":false}}
2024-07-23T16:32:14.008879Z info 8173 {"stream":"ethusdt@aggTrade","data":{"e":"aggTrade","E":1721723534078,"a":1709050428,"s":"ETHUSDT","p":"3512.78","q":"0.103","f":4229297558,"l":4229297560,"T":1721723534074,"m":false}}
2024-07-23T16:32:14.012736Z info 8173 {"stream":"ethusdt@aggTrade","data":{"e":"aggTrade","E":1721723534082,"a":1709050429,"s":"ETHUSDT","p":"3512.08","q":"10.241","f":4229297561,"l":4229297567,"T":1721723534074,"m":true}}
2024-07-23T16:32:14.022373Z info 8173 {"stream":"ethusdt@aggTrade","data":{"e":"aggTrade","E":1721723534092,"a":1709050430,"s":"ETHUSDT","p":"3512.51","q":"0.831","f":4229297568,"l":4229297574,"T":1721723534080,"m":true}}
2024-07-23T16:32:14.026154Z info 8173 {"stream":"ethusdt@aggTrade","data":{"e":"aggTrade","E":1721723534097,"a":1709050431,"s":"ETHUSDT","p":"3512.52","q":"0.430","f":4229297575,"l":4229297575,"T":1721723534090,"m":false}}
2024-07-23T16:32:14.033492Z info 8173 {"stream":"ethusdt@aggTrade","data":{"e":"aggTrade","E":1721723534103,"a":1709050432,"s":"ETHUSDT","p":"3512.51","q":"0.011","f":4229297576,"l":4229297576,"T":1721723534095,"m":true}}
2024-07-23T16:32:14.083645Z info 8173 {"stream":"ethusdt@aggTrade","data":{"e":"aggTrade","E":1721723534153,"a":1709050433,"s":"ETHUSDT","p":"3512.52","q":"0.100","f":4229297577,"l":4229297579,"T":1721723534101,"m":false}}
2024-07-23T16:32:14.091183Z info 8173 {"stream":"ethusdt@aggTrade","data":{"e":"aggTrade","E":1721723534161,"a":1709050434,"s":"ETHUSDT","p":"3512.51","q":"2.902","f":4229297580,"l":4229297584,"T":1721723534151,"m":true}}
2024-07-23T16:32:14.091224Z info 8173 {"stream":"ethusdt@aggTrade","data":{"e":"aggTrade","E":1721723534161,"a":1709050435,"s":"ETHUSDT","p":"3512.48","q":"0.015","f":4229297585,"l":4229297585,"T":1721723534159,"m":true}}
2024-07-23T16:32:14.091257Z info 8173 {"stream":"ethusdt@aggTrade","data":{"e":"aggTrade","E":1721723534161,"a":1709050436,"s":"ETHUSDT","p":"3512.44","q":"0.015","f":4229297586,"l":4229297586,"T":1721723534159,"m":true}}
2024-07-23T16:32:14.091289Z info 8173 {"stream":"ethusdt@aggTrade","data":{"e":"aggTrade","E":1721723534161,"a":1709050437,"s":"ETHUSDT","p":"3512.40","q":"0.015","f":4229297587,"l":4229297587,"T":1721723534159,"m":true}}
2024-07-23T16:32:14.093010Z info 8173 {"stream":"ethusdt@aggTrade","data":{"e":"aggTrade","E":1721723534162,"a":1709050438,"s":"ETHUSDT","p":"3512.36","q":"0.015","f":4229297588,"l":4229297588,"T":1721723534159,"m":true}}
2024-07-23T16:32:14.124661Z info 8173 {"stream":"ethusdt@aggTrade","data":{"e":"aggTrade","E":1721723534194,"a":1709050439,"s":"ETHUSDT","p":"3512.32","q":"2.622","f":4229297589,"l":4229297607,"T":1721723534159,"m":true}}
2024-07-23T16:32:14.124697Z info 8173 {"stream":"ethusdt@aggTrade","data":{"e":"aggTrade","E":1721723534194,"a":1709050440,"s":"ETHUSDT","p":"3512.28","q":"0.080","f":4229297608,"l":4229297609,"T":1721723534192,"m":true}}
2024-07-23T16:32:14.124730Z info 8173 {"stream":"ethusdt@aggTrade","data":{"e":"aggTrade","E":1721723534194,"a":1709050441,"s":"ETHUSDT","p":"3512.24","q":"0.015","f":4229297610,"l":4229297610,"T":1721723534192,"m":true}}
2024-07-23T16:32:14.124763Z info 8173 {"stream":"ethusdt@aggTrade","data":{"e":"aggTrade","E":1721723534194,"a":1709050442,"s":"ETHUSDT","p":"3512.20","q":"0.015","f":4229297611,"l":4229297612,"T":1721723534192,"m":true}}
2024-07-23T16:32:14.128187Z info 8173 {"stream":"ethusdt@aggTrade","data":{"e":"aggTrade","E":1721723534199,"a":1709050443,"s":"ETHUSDT","p":"3512.19","q":"0.035","f":4229297613,"l":4229297613,"T":1721723534192,"m":true}}
2024-07-23T16:32:14.129830Z info 8173 {"stream":"ethusdt@aggTrade","data":{"e":"aggTrade","E":1721723534199,"a":1709050444,"s":"ETHUSDT","p":"3512.16","q":"0.015","f":4229297614,"l":4229297614,"T":1721723534196,"m":true}}
2024-07-23T16:32:14.129876Z info 8173 {"stream":"ethusdt@aggTrade","data":{"e":"aggTrade","E":1721723534200,"a":1709050445,"s":"ETHUSDT","p":"3512.12","q":"0.015","f":4229297615,"l":4229297615,"T":1721723534196,"m":true}}
2024-07-23T16:32:14.134687Z info 8173 {"stream":"ethusdt@aggTrade","data":{"e":"aggTrade","E":1721723534205,"a":1709050446,"s":"ETHUSDT","p":"3512.10","q":"0.010","f":4229297616,"l":4229297616,"T":1721723534198,"m":false}}
2024-07-23T16:32:14.142691Z info 8173 {"stream":"ethusdt@aggTrade","data":{"e":"aggTrade","E":1721723534213,"a":1709050447,"s":"ETHUSDT","p":"3512.08","q":"0.025","f":4229297617,"l":4229297618,"T":1721723534202,"m":true}}
2024-07-23T16:32:14.143833Z info 8173 {"stream":"ethusdt@aggTrade","data":{"e":"aggTrade","E":1721723534213,"a":1709050448,"s":"ETHUSDT","p":"3512.04","q":"0.025","f":4229297619,"l":4229297620,"T":1721723534211,"m":true}}
2024-07-23T16:32:14.143871Z info 8173 {"stream":"ethusdt@aggTrade","data":{"e":"aggTrade","E":1721723534213,"a":1709050449,"s":"ETHUSDT","p":"3512.00","q":"1.183","f":4229297621,"l":4229297623,"T":1721723534211,"m":true}}
2024-07-23T16:32:14.151231Z info 8173 {"stream":"ethusdt@aggTrade","data":{"e":"aggTrade","E":1721723534221,"a":1709050450,"s":"ETHUSDT","p":"3511.99","q":"0.792","f":4229297624,"l":4229297626,"T":1721723534211,"m":true}}
2024-07-23T16:32:14.250665Z info 8173 {"stream":"ethusdt@aggTrade","data":{"e":"aggTrade","E":1721723534321,"a":1709050451,"s":"ETHUSDT","p":"3512.00","q":"2.046","f":4229297627,"l":4229297631,"T":1721723534218,"m":false}}
2024-07-23T16:32:14.283481Z info 8173 {"stream":"ethusdt@aggTrade","data":{"e":"aggTrade","E":1721723534354,"a":1709050452,"s":"ETHUSDT","p":"3512.00","q":"12.646","f":4229297632,"l":4229297648,"T":1721723534319,"m":false}}
2024-07-23T16:32:14.328851Z info 8173 {"stream":"ethusdt@aggTrade","data":{"e":"aggTrade","E":1721723534400,"a":1709050453,"s":"ETHUSDT","p":"3512.09","q":"9.206","f":4229297649,"l":4229297652,"T":1721723534352,"m":false}}
2024-07-23T16:32:14.341314Z info 8173 {"stream":"ethusdt@aggTrade","data":{"e":"aggTrade","E":1721723534412,"a":1709050454,"s":"ETHUSDT","p":"3512.08","q":"0.400","f":4229297653,"l":4229297653,"T":1721723534398,"m":true}}
2024-07-23T16:32:14.357970Z info 8173 {"stream":"ethusdt@aggTrade","data":{"e":"aggTrade","E":1721723534428,"a":1709050455,"s":"ETHUSDT","p":"3512.09","q":"0.006","f":4229297654,"l":4229297654,"T":1721723534410,"m":false}}
2024-07-23T16:32:14.359323Z info 8173 {"stream":"ethusdt@aggTrade","data":{"e":"aggTrade","E":1721723534429,"a":1709050456,"s":"ETHUSDT","p":"3512.08","q":"1.423","f":4229297655,"l":4229297655,"T":1721723534425,"m":true}}
2024-07-23T16:32:14.372094Z info 8173 {"stream":"ethusdt@aggTrade","data":{"e":"aggTrade","E":1721723534442,"a":1709050457,"s":"ETHUSDT","p":"3512.09","q":"10.909","f":4229297656,"l":4229297664,"T":1721723534427,"m":false}}
2024-07-23T16:32:14.372149Z info 8173 {"stream":"ethusdt@aggTrade","data":{"e":"aggTrade","E":1721723534442,"a":1709050458,"s":"ETHUSDT","p":"3512.10","q":"0.290","f":4229297665,"l":4229297666,"T":1721723534440,"m":false}}
2024-07-23T16:32:14.388885Z info 8173 {"stream":"ethusdt@aggTrade","data":{"e":"aggTrade","E":1721723534459,"a":1709050459,"s":"ETHUSDT","p":"3512.16","q":"6.592","f":4229297667,"l":4229297669,"T":1721723534440,"m":false}}
2024-07-23T16:32:14.442234Z info 8173 {"stream":"ethusdt@aggTrade","data":{"e":"aggTrade","E":1721723534513,"a":1709050460,"s":"ETHUSDT","p":"3512.15","q":"6.666","f":4229297670,"l":4229297672,"T":1721723534457,"m":true}}
2024-07-23T16:32:14.466154Z info 8173 {"stream":"ethusdt@aggTrade","data":{"e":"aggTrade","E":1721723534536,"a":1709050461,"s":"ETHUSDT","p":"3512.16","q":"8.436","f":4229297673,"l":4229297682,"T":1721723534511,"m":false}}
2024-07-23T16:32:14.541955Z info 8173 {"stream":"ethusdt@aggTrade","data":{"e":"aggTrade","E":1721723534606,"a":1709050462,"s":"ETHUSDT","p":"3512.17","q":"18.250","f":4229297683,"l":4229297704,"T":1721723534534,"m":false}}
2024-07-23T16:32:14.541993Z info 8173 {"stream":"ethusdt@aggTrade","data":{"e":"aggTrade","E":1721723534606,"a":1709050463,"s":"ETHUSDT","p":"3512.20","q":"0.015","f":4229297705,"l":4229297705,"T":1721723534604,"m":false}}
2024-07-23T16:32:14.542014Z info 8173 {"stream":"ethusdt@aggTrade","data":{"e":"aggTrade","E":1721723534606,"a":1709050464,"s":"ETHUSDT","p":"3512.28","q":"0.100","f":4229297706,"l":4229297706,"T":1721723534604,"m":false}}
2024-07-23T16:32:14.542034Z info 8173 {"stream":"ethusdt@aggTrade","data":{"e":"aggTrade","E":1721723534607,"a":1709050465,"s":"ETHUSDT","p":"3512.32","q":"0.015","f":4229297707,"l":4229297707,"T":1721723534604,"m":false}}
2024-07-23T16:32:14.545345Z info 8173 {"stream":"ethusdt@aggTrade","data":{"e":"aggTrade","E":1721723534607,"a":1709050466,"s":"ETHUSDT","p":"3512.36","q":"0.015","f":4229297708,"l":4229297708,"T":1721723534605,"m":false}}
2024-07-23T16:32:14.545370Z info 8173 {"stream":"ethusdt@aggTrade","data":{"e":"aggTrade","E":1721723534607,"a":1709050467,"s":"ETHUSDT","p":"3512.40","q":"0.015","f":4229297709,"l":4229297709,"T":1721723534605,"m":false}}
2024-07-23T16:32:14.545380Z info 8173 {"stream":"ethusdt@aggTrade","data":{"e":"aggTrade","E":1721723534607,"a":1709050468,"s":"ETHUSDT","p":"3512.44","q":"0.015","f":4229297710,"l":4229297710,"T":1721723534605,"m":false}}
2024-07-23T16:32:14.545401Z info 8173 {"stream":"ethusdt@aggTrade","data":{"e":"aggTrade","E":1721723534607,"a":1709050469,"s":"ETHUSDT","p":"3512.47","q":"0.009","f":4229297711,"l":4229297711,"T":1721723534605,"m":false}}
2024-07-23T16:32:14.553007Z info 8173 {"stream":"ethusdt@aggTrade","data":{"e":"aggTrade","E":1721723534619,"a":1709050470,"s":"ETHUSDT","p":"3512.48","q":"0.015","f":4229297712,"l":4229297712,"T":1721723534605,"m":false}}
2024-07-23T16:32:14.610848Z info 8173 {"stream":"ethusdt@aggTrade","data":{"e":"aggTrade","E":1721723534680,"a":1709050471,"s":"ETHUSDT","p":"3512.49","q":"10.358","f":4229297713,"l":4229297718,"T":1721723534617,"m":false}}
2024-07-23T16:32:14.611794Z info 8173 {"stream":"ethusdt@aggTrade","data":{"e":"aggTrade","E":1721723534683,"a":1709050472,"s":"ETHUSDT","p":"3512.48","q":"0.100","f":4229297719,"l":4229297719,"T":1721723534678,"m":true}}
2024-07-23T16:32:14.618532Z info 8173 {"stream":"ethusdt@aggTrade","data":{"e":"aggTrade","E":1721723534688,"a":1709050473,"s":"ETHUSDT","p":"3512.49","q":"0.430","f":4229297720,"l":4229297720,"T":1721723534679,"m":false}}
2024-07-23T16:32:14.721042Z info 8173 {"stream":"ethusdt@aggTrade","data":{"e":"aggTrade","E":1721723534791,"a":1709050474,"s":"ETHUSDT","p":"3512.48","q":"0.198","f":4229297721,"l":4229297721,"T":1721723534684,"m":true}}
2024-07-23T16:32:14.744763Z info 8173 {"stream":"ethusdt@aggTrade","data":{"e":"aggTrade","E":1721723534814,"a":1709050475,"s":"ETHUSDT","p":"3512.49","q":"0.700","f":4229297722,"l":4229297724,"T":1721723534789,"m":false}}
2024-07-23T16:32:14.779357Z info 8173 {"stream":"ethusdt@aggTrade","data":{"e":"aggTrade","E":1721723534849,"a":1709050476,"s":"ETHUSDT","p":"3512.48","q":"1.000","f":4229297725,"l":4229297726,"T":1721723534811,"m":true}}
2024-07-23T16:32:14.787849Z info 8173 {"stream":"ethusdt@aggTrade","data":{"e":"aggTrade","E":1721723534857,"a":1709050477,"s":"ETHUSDT","p":"3512.49","q":"0.063","f":4229297727,"l":4229297727,"T":1721723534847,"m":false}}
2024-07-23T16:32:14.869117Z info 8173 {"stream":"ethusdt@aggTrade","data":{"e":"aggTrade","E":1721723534938,"a":1709050478,"s":"ETHUSDT","p":"3512.48","q":"18.383","f":4229297728,"l":4229297743,"T":1721723534856,"m":true}}
2024-07-23T16:32:14.869155Z info 8173 {"stream":"ethusdt@aggTrade","data":{"e":"aggTrade","E":1721723534938,"a":1709050479,"s":"ETHUSDT","p":"3512.40","q":"1.387","f":4229297744,"l":4229297744,"T":1721723534936,"m":true}}
2024-07-23T16:32:14.869190Z info 8173 {"stream":"ethusdt@aggTrade","data":{"e":"aggTrade","E":1721723534938,"a":1709050480,"s":"ETHUSDT","p":"3512.31","q":"0.229","f":4229297745,"l":4229297745,"T":1721723534936,"m":true}}
2024-07-23T16:32:14.872434Z info 8173 {"stream":"ethusdt@aggTrade","data":{"e":"aggTrade","E":1721723534942,"a":1709050481,"s":"ETHUSDT","p":"3512.26","q":"0.106","f":4229297746,"l":4229297747,"T":1721723534936,"m":true}}
2024-07-23T16:32:14.876808Z info 8173 {"stream":"ethusdt@aggTrade","data":{"e":"aggTrade","E":1721723534945,"a":1709050482,"s":"ETHUSDT","p":"3512.27","q":"0.038","f":4229297748,"l":4229297748,"T":1721723534939,"m":false}}
2024-07-23T16:32:14.876848Z info 8173 {"stream":"ethusdt@aggTrade","data":{"e":"aggTrade","E":1721723534946,"a":1709050483,"s":"ETHUSDT","p":"3512.26","q":"0.020","f":4229297749,"l":4229297749,"T":1721723534943,"m":true}}
2024-07-23T16:32:14.879047Z info 8173 {"stream":"ethusdt@aggTrade","data":{"e":"aggTrade","E":1721723534949,"a":1709050484,"s":"ETHUSDT","p":"3512.27","q":"1.161","f":4229297750,"l":4229297752,"T":1721723534945,"m":false}}
2024-07-23T16:32:14.936383Z info 8173 {"stream":"xrpusdt@aggTrade","data":{"e":"aggTrade","E":1721723535007,"a":431751789,"s":"XRPUSDT","p":"0.5996","q":"713.7","f":1535426646,"l":1535426647,"T":1721723534855,"m":false}}
2024-07-23T16:32:14.959552Z info 8173 {"stream":"ethusdt@aggTrade","data":{"e":"aggTrade","E":1721723535028,"a":1709050485,"s":"ETHUSDT","p":"3512.26","q":"0.919","f":4229297753,"l":4229297757,"T":1721723534947,"m":true}}
2024-07-23T16:32:14.959589Z info 8173 {"stream":"ethusdt@aggTrade","data":{"e":"aggTrade","E":1721723535028,"a":1709050486,"s":"ETHUSDT","p":"3512.27","q":"13.263","f":4229297758,"l":4229297766,"T":1721723535023,"m":false}}
2024-07-23T16:32:14.959619Z info 8173 {"stream":"ethusdt@aggTrade","data":{"e":"aggTrade","E":1721723535028,"a":1709050487,"s":"ETHUSDT","p":"3512.28","q":"0.006","f":4229297767,"l":4229297767,"T":1721723535023,"m":false}}
2024-07-23T16:32:14.959626Z info 8173 {"stream":"ethusdt@aggTrade","data":{"e":"aggTrade","E":1721723535028,"a":1709050488,"s":"ETHUSDT","p":"3512.29","q":"0.006","f":4229297768,"l":4229297768,"T":1721723535023,"m":false}}
2024-07-23T16:32:14.959648Z info 8173 {"stream":"ethusdt@aggTrade","data":{"e":"aggTrade","E":1721723535028,"a":1709050489,"s":"ETHUSDT","p":"3512.32","q":"0.015","f":4229297769,"l":4229297769,"T":1721723535023,"m":false}}
2024-07-23T16:32:14.959670Z info 8173 {"stream":"ethusdt@aggTrade","data":{"e":"aggTrade","E":1721723535028,"a":1709050490,"s":"ETHUSDT","p":"3512.49","q":"3.584","f":4229297770,"l":4229297774,"T":1721723535023,"m":false}}
2024-07-23T16:32:14.959677Z info 8173 {"stream":"ethusdt@aggTrade","data":{"e":"aggTrade","E":1721723535028,"a":1709050491,"s":"ETHUSDT","p":"3512.52","q":"0.015","f":4229297775,"l":4229297775,"T":1721723535023,"m":false}}
2024-07-23T16:32:14.959698Z info 8173 {"stream":"ethusdt@aggTrade","data":{"e":"aggTrade","E":1721723535028,"a":1709050492,"s":"ETHUSDT","p":"3512.56","q":"0.015","f":4229297776,"l":4229297776,"T":1721723535023,"m":false}}
2024-07-23T16:32:14.959706Z info 8173 {"stream":"ethusdt@aggTrade","data":{"e":"aggTrade","E":1721723535028,"a":1709050493,"s":"ETHUSDT","p":"3512.60","q":"1.402","f":4229297777,"l":4229297778,"T":1721723535023,"m":false}}
2024-07-23T16:32:14.959711Z info 8173 {"stream":"ethusdt@aggTrade","data":{"e":"aggTrade","E":1721723535028,"a":1709050494,"s":"ETHUSDT","p":"3512.62","q":"0.427","f":4229297779,"l":4229297779,"T":1721723535023,"m":false}}
2024-07-23T16:32:14.959717Z info 8173 {"stream":"ethusdt@aggTrade","data":{"e":"aggTrade","E":1721723535028,"a":1709050495,"s":"ETHUSDT","p":"3512.64","q":"0.015","f":4229297780,"l":4229297780,"T":1721723535023,"m":false}}
2024-07-23T16:32:14.959722Z info 8173 {"stream":"ethusdt@aggTrade","data":{"e":"aggTrade","E":1721723535028,"a":1709050496,"s":"ETHUSDT","p":"3512.67","q":"0.050","f":4229297781,"l":4229297781,"T":1721723535023,"m":false}}
2024-07-23T16:32:14.959727Z info 8173 {"stream":"ethusdt@aggTrade","data":{"e":"aggTrade","E":1721723535028,"a":1709050497,"s":"ETHUSDT","p":"3512.68","q":"0.006","f":4229297782,"l":4229297782,"T":1721723535023,"m":false}}
2024-07-23T16:32:14.959732Z info 8173 {"stream":"ethusdt@aggTrade","data":{"e":"aggTrade","E":1721723535028,"a":1709050498,"s":"ETHUSDT","p":"3512.69","q":"0.399","f":4229297783,"l":4229297784,"T":1721723535023,"m":false}}
2024-07-23T16:32:14.959737Z info 8173 {"stream":"ethusdt@aggTrade","data":{"e":"aggTrade","E":1721723535028,"a":1709050499,"s":"ETHUSDT","p":"3512.74","q":"5.356","f":4229297785,"l":4229297785,"T":1721723535023,"m":false}}
2024-07-23T16:32:14.959742Z info 8173 {"stream":"ethusdt@aggTrade","data":{"e":"aggTrade","E":1721723535028,"a":1709050500,"s":"ETHUSDT","p":"3512.80","q":"3.204","f":4229297786,"l":4229297793,"T":1721723535023,"m":false}}
2024-07-23T16:32:14.959747Z info 8173 {"stream":"ethusdt@aggTrade","data":{"e":"aggTrade","E":1721723535028,"a":1709050501,"s":"ETHUSDT","p":"3512.81","q":"0.158","f":4229297794,"l":4229297795,"T":1721723535023,"m":false}}
2024-07-23T16:32:14.959752Z info 8173 {"stream":"ethusdt@aggTrade","data":{"e":"aggTrade","E":1721723535028,"a":1709050502,"s":"ETHUSDT","p":"3512.82","q":"2.523","f":4229297796,"l":4229297800,"T":1721723535023,"m":false}}
2024-07-23T16:32:14.959757Z info 8173 {"stream":"ethusdt@aggTrade","data":{"e":"aggTrade","E":1721723535028,"a":1709050503,"s":"ETHUSDT","p":"3512.83","q":"0.289","f":4229297801,"l":4229297805,"T":1721723535023,"m":false}}
2024-07-23T16:32:14.959762Z info 8173 {"stream":"ethusdt@aggTrade","data":{"e":"aggTrade","E":1721723535028,"a":1709050504,"s":"ETHUSDT","p":"3512.84","q":"2.628","f":4229297806,"l":4229297810,"T":1721723535023,"m":false}}
2024-07-23T16:32:14.959768Z info 8173 {"stream":"ethusdt@aggTrade","data":{"e":"aggTrade","E":1721723535028,"a":1709050505,"s":"ETHUSDT","p":"3512.85","q":"38.443","f":4229297811,"l":4229297813,"T":1721723535023,"m":false}}
2024-07-23T16:32:14.959773Z info 8173 {"stream":"ethusdt@aggTrade","data":{"e":"aggTrade","E":1721723535028,"a":1709050506,"s":"ETHUSDT","p":"3512.86","q":"0.430","f":4229297814,"l":4229297814,"T":1721723535023,"m":false}}
2024-07-23T16:32:14.959777Z info 8173 {"stream":"ethusdt@aggTrade","data":{"e":"aggTrade","E":1721723535028,"a":1709050507,"s":"ETHUSDT","p":"3512.87","q":"0.127","f":4229297815,"l":4229297817,"T":1721723535023,"m":false}}
2024-07-23T16:32:14.959782Z info 8173 {"stream":"ethusdt@aggTrade","data":{"e":"aggTrade","E":1721723535028,"a":1709050508,"s":"ETHUSDT","p":"3512.88","q":"4.536","f":4229297818,"l":4229297822,"T":1721723535023,"m":false}}
2024-07-23T16:32:14.959787Z info 8173 {"stream":"ethusdt@aggTrade","data":{"e":"aggTrade","E":1721723535028,"a":1709050509,"s":"ETHUSDT","p":"3512.89","q":"1.724","f":4229297823,"l":4229297825,"T":1721723535023,"m":false}}
2024-07-23T16:32:14.959797Z info 8173 {"stream":"ethusdt@aggTrade","data":{"e":"aggTrade","E":1721723535028,"a":1709050510,"s":"ETHUSDT","p":"3512.90","q":"0.007","f":4229297826,"l":4229297826,"T":1721723535023,"m":false}}
2024-07-23T16:32:14.959802Z info 8173 {"stream":"ethusdt@aggTrade","data":{"e":"aggTrade","E":1721723535028,"a":1709050511,"s":"ETHUSDT","p":"3512.91","q":"0.362","f":4229297827,"l":4229297828,"T":1721723535023,"m":false}}
2024-07-23T16:32:14.960817Z info 8173 {"stream":"ethusdt@aggTrade","data":{"e":"aggTrade","E":1721723535028,"a":1709050512,"s":"ETHUSDT","p":"3512.92","q":"3.000","f":4229297829,"l":4229297829,"T":1721723535023,"m":false}}
2024-07-23T16:32:14.960851Z info 8173 {"stream":"ethusdt@aggTrade","data":{"e":"aggTrade","E":1721723535028,"a":1709050513,"s":"ETHUSDT","p":"3512.93","q":"0.079","f":4229297830,"l":4229297830,"T":1721723535023,"m":false}}
2024-07-23T16:32:14.960882Z info 8173 {"stream":"ethusdt@aggTrade","data":{"e":"aggTrade","E":1721723535028,"a":1709050514,"s":"ETHUSDT","p":"3512.94","q":"0.902","f":4229297831,"l":4229297834,"T":1721723535023,"m":false}}
2024-07-23T16:32:14.960917Z info 8173 {"stream":"ethusdt@aggTrade","data":{"e":"aggTrade","E":1721723535028,"a":1709050515,"s":"ETHUSDT","p":"3512.95","q":"0.506","f":4229297835,"l":4229297837,"T":1721723535023,"m":false}}
2024-07-23T16:32:14.960947Z info 8173 {"stream":"ethusdt@aggTrade","data":{"e":"aggTrade","E":1721723535028,"a":1709050516,"s":"ETHUSDT","p":"3512.96","q":"0.430","f":4229297838,"l":4229297838,"T":1721723535023,"m":false}}
2024-07-23T16:32:14.960980Z info 8173 {"stream":"ethusdt@aggTrade","data":{"e":"aggTrade","E":1721723535028,"a":1709050517,"s":"ETHUSDT","p":"3512.98","q":"0.060","f":4229297839,"l":4229297842,"T":1721723535023,"m":false}}
2024-07-23T16:32:14.961012Z info 8173 {"stream":"ethusdt@aggTrade","data":{"e":"aggTrade","E":1721723535028,"a":1709050518,"s":"ETHUSDT","p":"3512.99","q":"0.691","f":4229297843,"l":4229297846,"T":1721723535023,"m":false}}
2024-07-23T16:32:14.961049Z info 8173 {"stream":"ethusdt@aggTrade","data":{"e":"aggTrade","E":1721723535029,"a":1709050519,"s":"ETHUSDT","p":"3513.00","q":"14.707","f":4229297847,"l":4229297876,"T":1721723535023,"m":false}}
2024-07-23T16:32:14.961086Z info 8173 {"stream":"ethusdt@aggTrade","data":{"e":"aggTrade","E":1721723535029,"a":1709050520,"s":"ETHUSDT","p":"3513.01","q":"3.516","f":4229297877,"l":4229297885,"T":1721723535023,"m":false}}
2024-07-23T16:32:14.961118Z info 8173 {"stream":"ethusdt@aggTrade","data":{"e":"aggTrade","E":1721723535029,"a":1709050521,"s":"ETHUSDT","p":"3512.26","q":"5.570","f":4229297886,"l":4229297890,"T":1721723535023,"m":true}}
2024-07-23T16:32:14.961151Z info 8173 {"stream":"ethusdt@aggTrade","data":{"e":"aggTrade","E":1721723535029,"a":1709050522,"s":"ETHUSDT","p":"3513.01","q":"0.642","f":4229297891,"l":4229297892,"T":1721723535023,"m":false}}
2024-07-23T16:32:14.961183Z info 8173 {"stream":"ethusdt@aggTrade","data":{"e":"aggTrade","E":1721723535029,"a":1709050523,"s":"ETHUSDT","p":"3512.26","q":"0.071","f":4229297893,"l":4229297893,"T":1721723535023,"m":true}}
2024-07-23T16:32:14.961215Z info 8173 {"stream":"ethusdt@aggTrade","data":{"e":"aggTrade","E":1721723535029,"a":1709050524,"s":"ETHUSDT","p":"3513.01","q":"0.021","f":4229297894,"l":4229297894,"T":1721723535023,"m":false}}
2024-07-23T16:32:14.961247Z info 8173 {"stream":"ethusdt@aggTrade","data":{"e":"aggTrade","E":1721723535029,"a":1709050525,"s":"ETHUSDT","p":"3512.26","q":"4.264","f":4229297895,"l":4229297896,"T":1721723535023,"m":true}}
2024-07-23T16:32:14.961278Z info 8173 {"stream":"ethusdt@aggTrade","data":{"e":"aggTrade","E":1721723535029,"a":1709050526,"s":"ETHUSDT","p":"3513.01","q":"2.745","f":4229297897,"l":4229297899,"T":1721723535023,"m":false}}
2024-07-23T16:32:14.961311Z info 8173 {"stream":"ethusdt@aggTrade","data":{"e":"aggTrade","E":1721723535029,"a":1709050527,"s":"ETHUSDT","p":"3513.02","q":"0.008","f":4229297900,"l":4229297900,"T":1721723535023,"m":false}}
2024-07-23T16:32:14.961342Z info 8173 {"stream":"ethusdt@aggTrade","data":{"e":"aggTrade","E":1721723535029,"a":1709050528,"s":"ETHUSDT","p":"3513.03","q":"1.424","f":4229297901,"l":4229297901,"T":1721723535023,"m":false}}
2024-07-23T16:32:14.961374Z info 8173 {"stream":"ethusdt@aggTrade","data":{"e":"aggTrade","E":1721723535029,"a":1709050529,"s":"ETHUSDT","p":"3513.04","q":"0.058","f":4229297902,"l":4229297907,"T":1721723535023,"m":false}}
2024-07-23T16:32:14.961382Z info 8173 {"stream":"ethusdt@aggTrade","data":{"e":"aggTrade","E":1721723535029,"a":1709050530,"s":"ETHUSDT","p":"3513.05","q":"0.006","f":4229297908,"l":4229297908,"T":1721723535023,"m":false}}
2024-07-23T16:32:14.961387Z info 8173 {"stream":"ethusdt@aggTrade","data":{"e":"aggTrade","E":1721723535029,"a":1709050531,"s":"ETHUSDT","p":"3513.06","q":"0.896","f":4229297909,"l":4229297911,"T":1721723535023,"m":false}}
2024-07-23T16:32:14.961393Z info 8173 {"stream":"ethusdt@aggTrade","data":{"e":"aggTrade","E":1721723535029,"a":1709050532,"s":"ETHUSDT","p":"3513.07","q":"1.172","f":4229297912,"l":4229297917,"T":1721723535023,"m":false}}
2024-07-23T16:32:14.961441Z info 8173 {"stream":"ethusdt@aggTrade","data":{"e":"aggTrade","E":1721723535029,"a":1709050533,"s":"ETHUSDT","p":"3513.08","q":"0.430","f":4229297918,"l":4229297918,"T":1721723535023,"m":false}}
2024-07-23T16:32:14.961463Z info 8173 {"stream":"ethusdt@aggTrade","data":{"e":"aggTrade","E":1721723535029,"a":1709050534,"s":"ETHUSDT","p":"3513.09","q":"0.328","f":4229297919,"l":4229297920,"T":1721723535023,"m":false}}
2024-07-23T16:32:14.961470Z info 8173 {"stream":"ethusdt@aggTrade","data":{"e":"aggTrade","E":1721723535029,"a":1709050535,"s":"ETHUSDT","p":"3512.26","q":"0.843","f":4229297921,"l":4229297922,"T":1721723535023,"m":true}}
2024-07-23T16:32:14.961475Z info 8173 {"stream":"ethusdt@aggTrade","data":{"e":"aggTrade","E":1721723535029,"a":1709050536,"s":"ETHUSDT","p":"3513.09","q":"0.546","f":4229297923,"l":4229297925,"T":1721723535023,"m":false}}
2024-07-23T16:32:14.961482Z info 8173 {"stream":"ethusdt@aggTrade","data":{"e":"aggTrade","E":1721723535029,"a":1709050537,"s":"ETHUSDT","p":"3513.10","q":"0.038","f":4229297926,"l":4229297926,"T":1721723535023,"m":false}}
2024-07-23T16:32:14.961501Z info 8173 {"stream":"ethusdt@aggTrade","data":{"e":"aggTrade","E":1721723535029,"a":1709050538,"s":"ETHUSDT","p":"3513.11","q":"0.026","f":4229297927,"l":4229297928,"T":1721723535023,"m":false}}
2024-07-23T16:32:14.961523Z info 8173 {"stream":"ethusdt@aggTrade","data":{"e":"aggTrade","E":1721723535029,"a":1709050539,"s":"ETHUSDT","p":"3513.12","q":"0.910","f":4229297929,"l":4229297930,"T":1721723535023,"m":false}}
2024-07-23T16:32:14.961545Z info 8173 {"stream":"ethusdt@aggTrade","data":{"e":"aggTrade","E":1721723535029,"a":1709050540,"s":"ETHUSDT","p":"3513.13","q":"0.512","f":4229297931,"l":4229297932,"T":1721723535023,"m":false}}
2024-07-23T16:32:14.961566Z info 8173 {"stream":"ethusdt@aggTrade","data":{"e":"aggTrade","E":1721723535029,"a":1709050541,"s":"ETHUSDT","p":"3513.14","q":"0.400","f":4229297933,"l":4229297934,"T":1721723535023,"m":false}}
2024-07-23T16:32:14.961572Z info 8173 {"stream":"ethusdt@aggTrade","data":{"e":"aggTrade","E":1721723535029,"a":1709050542,"s":"ETHUSDT","p":"3513.15","q":"17.068","f":4229297935,"l":4229297939,"T":1721723535023,"m":false}}
2024-07-23T16:32:14.961578Z info 8173 {"stream":"ethusdt@aggTrade","data":{"e":"aggTrade","E":1721723535029,"a":1709050543,"s":"ETHUSDT","p":"3512.79","q":"0.805","f":4229297940,"l":4229297941,"T":1721723535024,"m":true}}
2024-07-23T16:32:14.961583Z info 8173 {"stream":"ethusdt@aggTrade","data":{"e":"aggTrade","E":1721723535029,"a":1709050544,"s":"ETHUSDT","p":"3513.15","q":"2.947","f":4229297942,"l":4229297942,"T":1721723535024,"m":false}}
2024-07-23T16:32:14.961588Z info 8173 {"stream":"ethusdt@aggTrade","data":{"e":"aggTrade","E":1721723535029,"a":1709050545,"s":"ETHUSDT","p":"3513.17","q":"1.430","f":4229297943,"l":4229297944,"T":1721723535024,"m":false}}
2024-07-23T16:32:14.961592Z info 8173 {"stream":"ethusdt@aggTrade","data":{"e":"aggTrade","E":1721723535029,"a":1709050546,"s":"ETHUSDT","p":"3513.18","q":"6.109","f":4229297945,"l":4229297949,"T":1721723535024,"m":false}}
2024-07-23T16:32:14.961597Z info 8173 {"stream":"ethusdt@aggTrade","data":{"e":"aggTrade","E":1721723535029,"a":1709050547,"s":"ETHUSDT","p":"3513.20","q":"1.451","f":4229297950,"l":4229297952,"T":1721723535024,"m":false}}
2024-07-23T16:32:14.961603Z info 8173 {"stream":"ethusdt@aggTrade","data":{"e":"aggTrade","E":1721723535029,"a":1709050548,"s":"ETHUSDT","p":"3513.21","q":"0.051","f":4229297953,"l":4229297953,"T":1721723535024,"m":false}}
2024-07-23T16:32:14.961653Z info 8173 {"stream":"ethusdt@aggTrade","data":{"e":"aggTrade","E":1721723535030,"a":1709050549,"s":"ETHUSDT","p":"3513.22","q":"0.032","f":4229297954,"l":4229297955,"T":1721723535024,"m":false}}
2024-07-23T16:32:14.961661Z info 8173 {"stream":"ethusdt@aggTrade","data":{"e":"aggTrade","E":1721723535030,"a":1709050550,"s":"ETHUSDT","p":"3513.23","q":"3.864","f":4229297956,"l":4229297957,"T":1721723535024,"m":false}}
2024-07-23T16:32:14.961666Z info 8173 {"stream":"ethusdt@aggTrade","data":{"e":"aggTrade","E":1721723535030,"a":1709050551,"s":"ETHUSDT","p":"3513.24","q":"0.141","f":4229297958,"l":4229297959,"T":1721723535024,"m":false}}
2024-07-23T16:32:14.961672Z info 8173 {"stream":"ethusdt@aggTrade","data":{"e":"aggTrade","E":1721723535030,"a":1709050552,"s":"ETHUSDT","p":"3513.25","q":"0.020","f":4229297960,"l":4229297960,"T":1721723535024,"m":false}}
2024-07-23T16:32:14.961677Z info 8173 {"stream":"ethusdt@aggTrade","data":{"e":"aggTrade","E":1721723535030,"a":1709050553,"s":"ETHUSDT","p":"3513.26","q":"6.121","f":4229297961,"l":4229297963,"T":1721723535024,"m":false}}
2024-07-23T16:32:14.961682Z info 8173 {"stream":"ethusdt@aggTrade","data":{"e":"aggTrade","E":1721723535030,"a":1709050554,"s":"ETHUSDT","p":"3513.27","q":"0.719","f":4229297964,"l":4229297965,"T":1721723535024,"m":false}}
2024-07-23T16:32:14.961687Z info 8173 {"stream":"ethusdt@aggTrade","data":{"e":"aggTrade","E":1721723535030,"a":1709050555,"s":"ETHUSDT","p":"3513.28","q":"10.394","f":4229297966,"l":4229297973,"T":1721723535024,"m":false}}
2024-07-23T16:32:14.961708Z info 8173 {"stream":"ethusdt@aggTrade","data":{"e":"aggTrade","E":1721723535030,"a":1709050556,"s":"ETHUSDT","p":"3513.29","q":"0.639","f":4229297974,"l":4229297974,"T":1721723535024,"m":false}}
2024-07-23T16:32:14.961717Z info 8173 {"stream":"ethusdt@aggTrade","data":{"e":"aggTrade","E":1721723535030,"a":1709050557,"s":"ETHUSDT","p":"3513.30","q":"2.150","f":4229297975,"l":4229297978,"T":1721723535024,"m":false}}
2024-07-23T16:32:14.961739Z info 8173 {"stream":"ethusdt@aggTrade","data":{"e":"aggTrade","E":1721723535030,"a":1709050558,"s":"ETHUSDT","p":"3513.31","q":"1.817","f":4229297979,"l":4229297985,"T":1721723535024,"m":false}}
2024-07-23T16:32:14.961748Z info 8173 {"stream":"ethusdt@aggTrade","data":{"e":"aggTrade","E":1721723535030,"a":1709050559,"s":"ETHUSDT","p":"3513.32","q":"1.960","f":4229297986,"l":4229297989,"T":1721723535024,"m":false}}
2024-07-23T16:32:14.961769Z info 8173 {"stream":"ethusdt@aggTrade","data":{"e":"aggTrade","E":1721723535030,"a":1709050560,"s":"ETHUSDT","p":"3513.33","q":"1.403","f":4229297990,"l":4229298007,"T":1721723535024,"m":false}}
2024-07-23T16:32:14.961801Z info 8173 {"stream":"ethusdt@aggTrade","data":{"e":"aggTrade","E":1721723535030,"a":1709050561,"s":"ETHUSDT","p":"3513.34","q":"0.032","f":4229298008,"l":4229298009,"T":1721723535024,"m":false}}
2024-07-23T16:32:14.961833Z info 8173 {"stream":"ethusdt@aggTrade","data":{"e":"aggTrade","E":1721723535030,"a":1709050562,"s":"ETHUSDT","p":"3513.35","q":"0.039","f":4229298010,"l":4229298013,"T":1721723535024,"m":false}}
2024-07-23T16:32:14.961866Z info 8173 {"stream":"ethusdt@aggTrade","data":{"e":"aggTrade","E":1721723535030,"a":1709050563,"s":"ETHUSDT","p":"3513.37","q":"12.079","f":4229298014,"l":4229298024,"T":1721723535024,"m":false}}
2024-07-23T16:32:14.961898Z info 8173 {"stream":"ethusdt@aggTrade","data":{"e":"aggTrade","E":1721723535030,"a":1709050564,"s":"ETHUSDT","p":"3513.38","q":"0.009","f":4229298025,"l":4229298025,"T":1721723535024,"m":false}}
2024-07-23T16:32:14.961930Z info 8173 {"stream":"ethusdt@aggTrade","data":{"e":"aggTrade","E":1721723535030,"a":1709050565,"s":"ETHUSDT","p":"3513.39","q":"5.958","f":4229298026,"l":4229298032,"T":1721723535024,"m":false}}
2024-07-23T16:32:14.961967Z info 8173 {"stream":"ethusdt@aggTrade","data":{"e":"aggTrade","E":1721723535030,"a":1709050566,"s":"ETHUSDT","p":"3513.40","q":"20.880","f":4229298033,"l":4229298043,"T":1721723535024,"m":false}}
2024-07-23T16:32:14.961989Z info 8173 {"stream":"ethusdt@aggTrade","data":{"e":"aggTrade","E":1721723535030,"a":1709050567,"s":"ETHUSDT","p":"3513.42","q":"6.154","f":4229298044,"l":4229298048,"T":1721723535024,"m":false}}
2024-07-23T16:32:14.962011Z info 8173 {"stream":"ethusdt@aggTrade","data":{"e":"aggTrade","E":1721723535030,"a":1709050568,"s":"ETHUSDT","p":"3513.43","q":"0.365","f":4229298049,"l":4229298051,"T":1721723535024,"m":false}}
2024-07-23T16:32:14.962019Z info 8173 {"stream":"ethusdt@aggTrade","data":{"e":"aggTrade","E":1721723535030,"a":1709050569,"s":"ETHUSDT","p":"3513.44","q":"0.039","f":4229298052,"l":4229298053,"T":1721723535024,"m":false}}
2024-07-23T16:32:14.962040Z info 8173 {"stream":"ethusdt@aggTrade","data":{"e":"aggTrade","E":1721723535030,"a":1709050570,"s":"ETHUSDT","p":"3513.45","q":"1.430","f":4229298054,"l":4229298055,"T":1721723535024,"m":false}}
2024-07-23T16:32:14.962047Z info 8173 {"stream":"ethusdt@aggTrade","data":{"e":"aggTrade","E":1721723535030,"a":1709050571,"s":"ETHUSDT","p":"3513.46","q":"0.006","f":4229298056,"l":4229298056,"T":1721723535024,"m":false}}
2024-07-23T16:32:14.962069Z info 8173 {"stream":"ethusdt@aggTrade","data":{"e":"aggTrade","E":1721723535031,"a":1709050572,"s":"ETHUSDT","p":"3513.47","q":"1.864","f":4229298057,"l":4229298059,"T":1721723535024,"m":false}}
2024-07-23T16:32:14.962096Z info 8173 {"stream":"ethusdt@aggTrade","data":{"e":"aggTrade","E":1721723535031,"a":1709050573,"s":"ETHUSDT","p":"3513.48","q":"0.110","f":4229298060,"l":4229298061,"T":1721723535024,"m":false}}
2024-07-23T16:32:14.962130Z info 8173 {"stream":"ethusdt@aggTrade","data":{"e":"aggTrade","E":1721723535031,"a":1709050574,"s":"ETHUSDT","p":"3513.49","q":"7.010","f":4229298062,"l":4229298067,"T":1721723535024,"m":false}}
2024-07-23T16:32:14.962163Z info 8173 {"stream":"ethusdt@aggTrade","data":{"e":"aggTrade","E":1721723535031,"a":1709050575,"s":"ETHUSDT","p":"3513.50","q":"0.031","f":4229298068,"l":4229298069,"T":1721723535024,"m":false}}
2024-07-23T16:32:14.962195Z info 8173 {"stream":"ethusdt@aggTrade","data":{"e":"aggTrade","E":1721723535031,"a":1709050576,"s":"ETHUSDT","p":"3513.51","q":"0.199","f":4229298070,"l":4229298072,"T":1721723535024,"m":false}}
2024-07-23T16:32:14.962228Z info 8173 {"stream":"ethusdt@aggTrade","data":{"e":"aggTrade","E":1721723535031,"a":1709050577,"s":"ETHUSDT","p":"3513.52","q":"7.547","f":4229298073,"l":4229298073,"T":1721723535024,"m":false}}
2024-07-23T16:32:14.965237Z info 8173 {"stream":"ethusdt@aggTrade","data":{"e":"aggTrade","E":1721723535036,"a":1709050578,"s":"ETHUSDT","p":"3512.79","q":"0.182","f":4229298074,"l":4229298075,"T":1721723535024,"m":true}}
2024-07-23T16:32:14.967315Z info 8173 {"stream":"ethusdt@aggTrade","data":{"e":"aggTrade","E":1721723535036,"a":1709050579,"s":"ETHUSDT","p":"3513.00","q":"1.719","f":4229298076,"l":4229298078,"T":1721723535030,"m":false}}
2024-07-23T16:32:14.967348Z info 8173 {"stream":"ethusdt@aggTrade","data":{"e":"aggTrade","E":1721723535036,"a":1709050580,"s":"ETHUSDT","p":"3513.44","q":"0.018","f":4229298079,"l":4229298080,"T":1721723535030,"m":false}}
2024-07-23T16:32:14.971077Z info 8173 {"stream":"ethusdt@aggTrade","data":{"e":"aggTrade","E":1721723535040,"a":1709050581,"s":"ETHUSDT","p":"3513.52","q":"28.263","f":4229298081,"l":4229298082,"T":1721723535030,"m":false}}
2024-07-23T16:32:14.971895Z info 8173 {"stream":"ethusdt@aggTrade","data":{"e":"aggTrade","E":1721723535042,"a":1709050582,"s":"ETHUSDT","p":"3512.80","q":"0.093","f":4229298083,"l":4229298084,"T":1721723535036,"m":true}}
2024-07-23T16:32:14.971946Z info 8173 {"stream":"ethusdt@aggTrade","data":{"e":"aggTrade","E":1721723535042,"a":1709050583,"s":"ETHUSDT","p":"3512.81","q":"0.016","f":4229298085,"l":4229298087,"T":1721723535038,"m":false}}
2024-07-23T16:32:14.973012Z info 8173 {"stream":"ethusdt@aggTrade","data":{"e":"aggTrade","E":1721723535043,"a":1709050584,"s":"ETHUSDT","p":"3512.82","q":"0.258","f":4229298088,"l":4229298092,"T":1721723535038,"m":false}}
2024-07-23T16:32:14.974052Z info 8173 {"stream":"ethusdt@aggTrade","data":{"e":"aggTrade","E":1721723535044,"a":1709050585,"s":"ETHUSDT","p":"3512.85","q":"0.005","f":4229298093,"l":4229298093,"T":1721723535039,"m":false}}
2024-07-23T16:32:14.976160Z info 8173 {"stream":"ethusdt@aggTrade","data":{"e":"aggTrade","E":1721723535045,"a":1709050586,"s":"ETHUSDT","p":"3512.81","q":"0.251","f":4229298094,"l":4229298096,"T":1721723535040,"m":true}}
2024-07-23T16:32:14.993077Z info 8173 {"stream":"ethusdt@aggTrade","data":{"e":"aggTrade","E":1721723535061,"a":1709050587,"s":"ETHUSDT","p":"3512.83","q":"0.284","f":4229298097,"l":4229298097,"T":1721723535043,"m":true}}
2024-07-23T16:32:14.993111Z info 8173 {"stream":"ethusdt@aggTrade","data":{"e":"aggTrade","E":1721723535061,"a":1709050588,"s":"ETHUSDT","p":"3512.88","q":"0.007","f":4229298098,"l":4229298098,"T":1721723535059,"m":false}}
2024-07-23T16:32:14.999411Z info 8173 {"stream":"ethusdt@aggTrade","data":{"e":"aggTrade","E":1721723535069,"a":1709050589,"s":"ETHUSDT","p":"3512.89","q":"0.143","f":4229298099,"l":4229298100,"T":1721723535059,"m":false}}
2024-07-23T16:32:14.999447Z info 8173 {"stream":"ethusdt@aggTrade","data":{"e":"aggTrade","E":1721723535069,"a":1709050590,"s":"ETHUSDT","p":"3512.87","q":"12.315","f":4229298101,"l":4229298113,"T":1721723535066,"m":true}}
