2024-07-23T16:24:26.811302Z info 8026 {"stream":"xrpusdt@aggTrade","data":{"e":"aggTrade","E":1721723066882,"a":431750195,"s":"XRPUSDT","p":"0.5967","q":"28932.5","f":1535418885,"l":1535418892,"T":1721723066729,"m":false}}
2024-07-23T16:24:26.865340Z info 8026 {"result":null,"id":1}
2024-07-23T16:24:26.880879Z info 8026 {"stream":"ethusdt@aggTrade","data":{"e":"aggTrade","E":1721723066952,"a":1709025601,"s":"ETHUSDT","p":"3473.94","q":"1.478","f":4229210712,"l":4229210716,"T":1721723066814,"m":true}}
2024-07-23T16:24:26.909165Z info 8027 {"result":null,"id":2}
2024-07-23T16:24:26.913597Z info 8026 {"stream":"ethusdt@aggTrade","data":{"e":"aggTrade","E":1721723066983,"a":1709025602,"s":"ETHUSDT","p":"3473.94","q":"0.011","f":4229210717,"l":4229210717,"T":1721723066951,"m":true}}
2024-07-23T16:24:26.966700Z info 8026 {"stream":"ethusdt@aggTrade","data":{"e":"aggTrade","E":1721723067037,"a":1709025603,"s":"ETHUSDT","p":"3473.95","q":"20.698","f":4229210718,"l":4229210731,"T":1721723066981,"m":false}}
2024-07-23T16:24:26.966739Z info 8026 {"stream":"ethusdt@aggTrade","data":{"e":"aggTrade","E":1721723067037,"a":1709025604,"s":"ETHUSDT","p":"3473.94","q":"1.729","f":4229210732,"l":4229210733,"T":1721723067034,"m":true}}
2024-07-23T16:24:26.966772Z info 8026 {"stream":"ethusdt@aggTrade","data":{"e":"aggTrade","E":1721723067037,"a":1709025605,"s":"ETHUSDT","p":"3473.95","q":"7.119","f":4229210734,"l":4229210736,"T":1721723067034,"m":false}}
2024-07-23T16:24:26.966804Z info 8026 {"stream":"ethusdt@aggTrade","data":{"e":"aggTrade","E":1721723067037,"a":1709025606,"s":"ETHUSDT","p":"3473.94","q":"0.020","f":4229210737,"l":4229210737,"T":1721723067035,"m":true}}
2024-07-23T16:24:26.966836Z info 8026 {"stream":"ethusdt@aggTrade","data":{"e":"aggTrade","E":1721723067037,"a":1709025607,"s":"ETHUSDT","p":"3473.95","q":"2.434","f":4229210738,"l":4229210739,"T":1721723067035,"m":false}}
2024-07-23T16:24:26.966868Z info 8026 {"stream":"ethusdt@aggTrade","data":{"e":"aggTrade","E":1721723067037,"a":1709025608,"s":"ETHUSDT","p":"3473.94","q":"2.913","f":4229210740,"l":4229210742,"T":1721723067035,"m":true}}
2024-07-23T16:24:26.966901Z info 8026 {"stream":"ethusdt@aggTrade","data":{"e":"aggTrade","E":1721723067037,"a":1709025609,"s":"ETHUSDT","p":"3473.95","q":"16.198","f":4229210743,"l":4229210752,"T":1721723067035,"m":false}}
2024-07-23T16:24:26.966933Z info 8026 {"stream":"ethusdt@aggTrade","data":{"e":"aggTrade","E":1721723067037,"a":1709025610,"s":"ETHUSDT","p":"3473.96","q":"0.021","f":4229210753,"l":4229210754,"T":1721723067035,"m":false}}
2024-07-23T16:24:26.966966Z info 8026 {"stream":"ethusdt@aggTrade","data":{"e":"aggTrade","E":1721723067037,"a":1709025611,"s":"ETHUSDT","p":"3473.97","q":"0.006","f":4229210755,"l":4229210755,"T":1721723067035,"m":false}}
2024-07-23T16:24:26.966997Z info 8026 {"stream":"ethusdt@aggTrade","data":{"e":"aggTrade","E":1721723067037,"a":1709025612,"s":"ETHUSDT","p":"3474.00","q":"0.015","f":4229210756,"l":4229210756,"T":1721723067035,"m":false}}
2024-07-23T16:24:26.967031Z info 8026 {"stream":"ethusdt@aggTrade","data":{"e":"aggTrade","E":1721723067037,"a":1709025613,"s":"ETHUSDT","p":"3474.04","q":"0.105","f":4229210757,"l":4229210758,"T":1721723067035,"m":false}}
2024-07-23T16:24:26.967073Z info 8026 {"stream":"ethusdt@aggTrade","data":{"e":"aggTrade","E":1721723067037,"a":1709025614,"s":"ETHUSDT","p":"3474.08","q":"0.115","f":4229210759,"l":4229210760,"T":1721723067035,"m":false}}
2024-07-23T16:24:26.967105Z info 8026 {"stream":"ethusdt@aggTrade","data":{"e":"aggTrade","E":1721723067037,"a":1709025615,"s":"ETHUSDT","p":"3474.12","q":"0.186","f":4229210761,"l":4229210762,"T":1721723067035,"m":false}}
2024-07-23T16:24:26.967137Z info 8026 {"stream":"ethusdt@aggTrade","data":{"e":"aggTrade","E":1721723067037,"a":1709025616,"s":"ETHUSDT","p":"3474.13","q":"1.440","f":4229210763,"l":4229210763,"T":1721723067035,"m":false}}
2024-07-23T16:24:26.967170Z info 8026 {"stream":"ethusdt@aggTrade","data":{"e":"aggTrade","E":1721723067037,"a":1709025617,"s":"ETHUSDT","p":"3474.14","q":"0.006","f":4229210764,"l":4229210764,"T":1721723067035,"m":false}}
2024-07-23T16:24:26.967192Z info 8026 {"stream":"ethusdt@aggTrade","data":{"e":"aggTrade","E":1721723067037,"a":1709025618,"s":"ETHUSDT","p":"3474.20","q":"0.124","f":4229210765,"l":4229210765,"T":1721723067035,"m":false}}
2024-07-23T16:24:26.967213Z info 8026 {"stream":"ethusdt@aggTrade","data":{"e":"aggTrade","E":1721723067037,"a":1709025619,"s":"ETHUSDT","p":"3474.21","q":"5.100","f":4229210766,"l":4229210768,"T":1721723067035,"m":false}}
2024-07-23T16:24:26.967220Z info 8026 {"stream":"ethusdt@aggTrade","data":{"e":"aggTrade","E":1721723067037,"a":1709025620,"s":"ETHUSDT","p":"3474.23","q":"0.006","f":4229210769,"l":4229210769,"T":1721723067035,"m":false}}
2024-07-23T16:24:26.967250Z info 8026 {"stream":"ethusdt@aggTrade","data":{"e":"aggTrade","E":1721723067037,"a":1709025621,"s":"ETHUSDT","p":"3474.24","q":"0.028","f":4229210770,"l":4229210770,"T":1721723067035,"m":false}}
2024-07-23T16:24:26.967273Z info 8026 {"stream":"ethusdt@aggTrade","data":{"e":"aggTrade","E":1721723067037,"a":1709025622,"s":"ETHUSDT","p":"3474.26","q":"2.222","f":4229210771,"l":4229210773,"T":1721723067035,"m":false}}
2024-07-23T16:24:26.967295Z info 8026 {"stream":"ethusdt@aggTrade","data":{"e":"aggTrade","E":1721723067037,"a":1709025623,"s":"ETHUSDT","p":"3474.27","q":"1.440","f":4229210774,"l":4229210774,"T":1721723067035,"m":false}}
2024-07-23T16:24:26.967495Z info 8026 {"stream":"ethusdt@aggTrade","data":{"e":"aggTrade","E":1721723067037,"a":1709025624,"s":"ETHUSDT","p":"3474.28","q":"0.015","f":4229210775,"l":4229210775,"T":1721723067035,"m":false}}
2024-07-23T16:24:26.967522Z info 8026 {"stream":"ethusdt@aggTrade","data":{"e":"aggTrade","E":1721723067037,"a":1709025625,"s":"ETHUSDT","p":"3474.29","q":"0.006","f":4229210776,"l":4229210776,"T":1721723067035,"m":false}}
2024-07-23T16:24:26.967554Z info 8026 {"stream":"ethusdt@aggTrade","data":{"e":"aggTrade","E":1721723067037,"a":1709025626,"s":"ETHUSDT","p":"3474.30","q":"1.731","f":4229210777,"l":4229210779,"T":1721723067035,"m":false}}
2024-07-23T16:24:26.967587Z info 8026 {"stream":"ethusdt@aggTrade","data":{"e":"aggTrade","E":1721723067037,"a":1709025627,"s":"ETHUSDT","p":"3474.31","q":"7.300","f":4229210780,"l":4229210783,"T":1721723067035,"m":false}}
2024-07-23T16:24:26.967618Z info 8026 {"stream":"ethusdt@aggTrade","data":{"e":"aggTrade","E":1721723067037,"a":1709025628,"s":"ETHUSDT","p":"3474.32","q":"0.021","f":4229210784,"l":4229210785,"T":1721723067035,"m":false}}
2024-07-23T16:24:26.967650Z info 8026 {"stream":"ethusdt@aggTrade","data":{"e":"aggTrade","E":1721723067037,"a":1709025629,"s":"ETHUSDT","p":"3474.33","q":"0.877","f":4229210786,"l":4229210786,"T":1721723067035,"m":false}}
2024-07-23T16:24:26.967683Z info 8026 {"stream":"ethusdt@aggTrade","data":{"e":"aggTrade","E":1721723067037,"a":1709025630,"s":"ETHUSDT","p":"3474.35","q":"2.928","f":4229210787,"l":4229210788,"T":1721723067035,"m":false}}
2024-07-23T16:24:26.967716Z info 8026 {"stream":"ethusdt@aggTrade","data":{"e":"aggTrade","E":1721723067037,"a":1709025631,"s":"ETHUSDT","p":"3474.36","q":"5.772","f":4229210789,"l":4229210790,"T":1721723067035,"m":false}}
2024-07-23T16:24:26.967748Z info 8026 {"stream":"ethusdt@aggTrade","data":{"e":"aggTrade","E":1721723067038,"a":1709025632,"s":"ETHUSDT","p":"3474.37","q":"7.501","f":4229210791,"l":4229210795,"T":1721723067035,"m":false}}
2024-07-23T16:24:26.967780Z info 8026 {"stream":"ethusdt@aggTrade","data":{"e":"aggTrade","E":1721723067038,"a":1709025633,"s":"ETHUSDT","p":"3474.38","q":"5.677","f":4229210796,"l":4229210797,"T":1721723067035,"m":false}}
2024-07-23T16:24:26.967801Z info 8026 {"stream":"ethusdt@aggTrade","data":{"e":"aggTrade","E":1721723067038,"a":1709025634,"s":"ETHUSDT","p":"3474.39","q":"0.109","f":4229210798,"l":4229210799,"T":1721723067035,"m":false}}
2024-07-23T16:24:26.967823Z info 8026 {"stream":"ethusdt@aggTrade","data":{"e":"aggTrade","E":1721723067038,"a":1709025635,"s":"ETHUSDT","p":"3474.40","q":"0.245","f":4229210800,"l":4229210801,"T":1721723067035,"m":false}}
2024-07-23T16:24:26.967845Z info 8026 {"stream":"ethusdt@aggTrade","data":{"e":"aggTrade","E":1721723067038,"a":1709025636,"s":"ETHUSDT","p":"3474.42","q":"1.211","f":4229210802,"l":4229210803,"T":1721723067035,"m":false}}
2024-07-23T16:24:26.970828Z info 8026 {"stream":"ethusdt@aggTrade","data":{"e":"aggTrade","E":1721723067042,"a":1709025637,"s":"ETHUSDT","p":"3473.94","q":"0.003","f":4229210804,"l":4229210804,"T":1721723067035,"m":true}}
2024-07-23T16:24:26.992451Z info 8026 {"stream":"ethusdt@aggTrade","data":{"e":"aggTrade","E":1721723067058,"a":1709025638,"s":"ETHUSDT","p":"3474.42","q":"0.057","f":4229210805,"l":4229210807,"T":1721723067039,"m":false}}
2024-07-23T16:24:27.137326Z info 8026 {"stream":"ethusdt@aggTrade","data":{"e":"aggTrade","E":1721723067209,"a":1709025639,"s":"ETHUSDT","p":"3474.41","q":"0.121","f":4229210808,"l":4229210809,"T":1721723067056,"m":true}}
2024-07-23T16:24:27.152853Z info 8026 {"stream":"ethusdt@aggTrade","data":{"e":"aggTrade","E":1721723067223,"a":1709025640,"s":"ETHUSDT","p":"3474.41","q":"0.575","f":4229210810,"l":4229210812,"T":1721723067210,"m":true}}
2024-07-23T16:24:27.152890Z info 8026 {"stream":"ethusdt@aggTrade","data":{"e":"aggTrade","E":1721723067223,"a":1709025641,"s":"ETHUSDT","p":"3474.42","q":"0.220","f":4229210813,"l":4229210813,"T":1721723067221,"m":false}}
2024-07-23T16:24:27.152921Z info 8026 {"stream":"ethusdt@aggTrade","data":{"e":"aggTrade","E":1721723067223,"a":1709025642,"s":"ETHUSDT","p":"3474.44","q":"0.015","f":4229210814,"l":4229210814,"T":1721723067221,"m":false}}
2024-07-23T16:24:27.152962Z info 8026 {"stream":"ethusdt@aggTrade","data":{"e":"aggTrade","E":1721723067223,"a":1709025643,"s":"ETHUSDT","p":"3474.46","q":"0.006","f":4229210815,"l":4229210815,"T":1721723067221,"m":false}}
2024-07-23T16:24:27.152994Z info 8026 {"stream":"ethusdt@aggTrade","data":{"e":"aggTrade","E":1721723067223,"a":1709025644,"s":"ETHUSDT","p":"3474.48","q":"0.015","f":4229210816,"l":4229210816,"T":1721723067221,"m":false}}
2024-07-23T16:24:27.156221Z info 8026 {"stream":"ethusdt@aggTrade","data":{"e":"aggTrade","E":1721723067228,"a":1709025645,"s":"ETHUSDT","p":"3474.51","q":"0.006","f":4229210817,"l":4229210817,"T":1721723067221,"m":false}}
2024-07-23T16:24:27.167115Z info 8026 {"stream":"ethusdt@aggTrade","data":{"e":"aggTrade","E":1721723067238,"a":1709025646,"s":"ETHUSDT","p":"3474.52","q":"0.015","f":4229210818,"l":4229210818,"T":1721723067225,"m":false}}
2024-07-23T16:24:27.167149Z info 8026 {"stream":"ethusdt@aggTrade","data":{"e":"aggTrade","E":1721723067238,"a":1709025647,"s":"ETHUSDT","p":"3474.53","q":"1.000","f":4229210819,"l":4229210819,"T":1721723067236,"m":true}}
2024-07-23T16:24:27.179438Z info 8026 {"stream":"ethusdt@aggTrade","data":{"e":"aggTrade","E":1721723067252,"a":1709025648,"s":"ETHUSDT","p":"3474.54","q":"0.020","f":4229210820,"l":4229210820,"T":1721723067236,"m":false}}
2024-07-23T16:24:27.261079Z info 8026 {"stream":"ethusdt@aggTrade","data":{"e":"aggTrade","E":1721723067333,"a":1709025649,"s":"ETHUSDT","p":"3474.53","q":"1.400","f":4229210821,"l":4229210822,"T":1721723067250,"m":true}}
2024-07-23T16:24:27.305107Z info 8026 {"stream":"ethusdt@aggTrade","data":{"e":"aggTrade","E":1721723067375,"a":1709025650,"s":"ETHUSDT","p":"3474.54","q":"6.603","f":4229210823,"l":4229210829,"T":1721723067331,"m":false}}
2024-07-23T16:24:27.305190Z info 8026 {"stream":"ethusdt@aggTrade","data":{"e":"aggTrade","E":1721723067375,"a":1709025651,"s":"ETHUSDT","p":"3474.56","q":"0.015","f":4229210830,"l":4229210830,"T":1721723067373,"m":false}}
2024-07-23T16:24:27.305273Z info 8026 {"stream":"ethusdt@aggTrade","data":{"e":"aggTrade","E":1721723067375,"a":1709025652,"s":"ETHUSDT","p":"3474.58","q":"2.719","f":4229210831,"l":4229210833,"T":1721723067373,"m":false}}
2024-07-23T16:24:27.305306Z info 8026 {"stream":"ethusdt@aggTrade","data":{"e":"aggTrade","E":1721723067375,"a":1709025653,"s":"ETHUSDT","p":"3474.59","q":"0.010","f":4229210834,"l":4229210834,"T":1721723067373,"m":false}}
2024-07-23T16:24:27.305339Z info 8026 {"stream":"ethusdt@aggTrade","data":{"e":"aggTrade","E":1721723067375,"a":1709025654,"s":"ETHUSDT","p":"3474.60","q":"0.037","f":4229210835,"l":4229210838,"T":1721723067373,"m":false}}
2024-07-23T16:24:27.305372Z info 8026 {"stream":"ethusdt@aggTrade","data":{"e":"aggTrade","E":1721723067375,"a":1709025655,"s":"ETHUSDT","p":"3474.61","q":"0.238","f":4229210839,"l":4229210841,"T":1721723067373,"m":false}}
2024-07-23T16:24:27.305393Z info 8026 {"stream":"ethusdt@aggTrade","data":{"e":"aggTrade","E":1721723067375,"a":1709025656,"s":"ETHUSDT","p":"3474.63","q":"0.012","f":4229210842,"l":4229210843,"T":1721723067373,"m":false}}
2024-07-23T16:24:27.305413Z info 8026 {"stream":"ethusdt@aggTrade","data":{"e":"aggTrade","E":1721723067375,"a":1709025657,"s":"ETHUSDT","p":"3474.64","q":"0.071","f":4229210844,"l":4229210847,"T":1721723067373,"m":false}}
2024-07-23T16:24:27.305436Z info 8026 {"stream":"ethusdt@aggTrade","data":{"e":"aggTrade","E":1721723067375,"a":1709025658,"s":"ETHUSDT","p":"3474.65","q":"0.488","f":4229210848,"l":4229210852,"T":1721723067373,"m":false}}
2024-07-23T16:24:27.305457Z info 8026 {"stream":"ethusdt@aggTrade","data":{"e":"aggTrade","E":1721723067375,"a":1709025659,"s":"ETHUSDT","p":"3474.66","q":"0.879","f":4229210853,"l":4229210858,"T":1721723067373,"m":false}}
2024-07-23T16:24:27.305479Z info 8026 {"stream":"ethusdt@aggTrade","data":{"e":"aggTrade","E":1721723067375,"a":1709025660,"s":"ETHUSDT","p":"3474.67","q":"0.471","f":4229210859,"l":4229210860,"T":1721723067373,"m":false}}
2024-07-23T16:24:27.305501Z info 8026 {"stream":"ethusdt@aggTrade","data":{"e":"aggTrade","E":1721723067375,"a":1709025661,"s":"ETHUSDT","p":"3474.68","q":"0.159","f":4229210861,"l":4229210862,"T":1721723067373,"m":false}}
2024-07-23T16:24:27.305522Z info 8026 {"stream":"ethusdt@aggTrade","data":{"e":"aggTrade","E":1721723067375,"a":1709025662,"s":"ETHUSDT","p":"3474.70","q":"0.447","f":4229210863,"l":4229210864,"T":1721723067373,"m":false}}
2024-07-23T16:24:27.305543Z info 8026 {"stream":"ethusdt@aggTrade","data":{"e":"aggTrade","E":1721723067375,"a":1709025663,"s":"ETHUSDT","p":"3474.71","q":"1.921","f":4229210865,"l":4229210865,"T":1721723067373,"m":false}}
2024-07-23T16:24:27.305565Z info 8026 {"stream":"ethusdt@aggTrade","data":{"e":"aggTrade","E":1721723067375,"a":1709025664,"s":"ETHUSDT","p":"3474.72","q":"0.078","f":4229210866,"l":4229210870,"T":1721723067373,"m":false}}
2024-07-23T16:24:27.305598Z info 8026 {"stream":"ethusdt@aggTrade","data":{"e":"aggTrade","E":1721723067375,"a":1709025665,"s":"ETHUSDT","p":"3474.73","q":"0.187","f":4229210871,"l":4229210873,"T":1721723067373,"m":false}}
2024-07-23T16:24:27.305638Z info 8026 {"stream":"ethusdt@aggTrade","data":{"e":"aggTrade","E":1721723067375,"a":1709025666,"s":"ETHUSDT","p":"3474.74","q":"0.028","f":4229210874,"l":4229210875,"T":1721723067373,"m":false}}
2024-07-23T16:24:27.305669Z info 8026 {"stream":"ethusdt@aggTrade","data":{"e":"aggTrade","E":1721723067375,"a":1709025667,"s":"ETHUSDT","p":"3474.75","q":"0.166","f":4229210876,"l":4229210879,"T":1721723067373,"m":false}}
2024-07-23T16:24:27.305701Z info 8026 {"stream":"ethusdt@aggTrade","data":{"e":"aggTrade","E":1721723067375,"a":1709025668,"s":"ETHUSDT","p":"3474.76","q":"0.035","f":4229210880,"l":4229210882,"T":1721723067373,"m":false}}
2024-07-23T16:24:27.305893Z info 8026 {"stream":"ethusdt@aggTrade","data":{"e":"aggTrade","E":1721723067376,"a":1709025669,"s":"ETHUSDT","p":"3474.77","q":"0.447","f":4229210883,"l":4229210884,"T":1721723067373,"m":false}}
2024-07-23T16:24:27.305919Z info 8026 {"stream":"ethusdt@aggTrade","data":{"e":"aggTrade","E":1721723067376,"a":1709025670,"s":"ETHUSDT","p":"3474.78","q":"0.610","f":4229210885,"l":4229210886,"T":1721723067373,"m":false}}
2024-07-23T16:24:27.305927Z info 8026 {"stream":"ethusdt@aggTrade","data":{"e":"aggTrade","E":1721723067376,"a":1709025671,"s":"ETHUSDT","p":"3474.79","q":"0.055","f":4229210887,"l":4229210888,"T":1721723067373,"m":false}}
2024-07-23T16:24:27.305948Z info 8026 {"stream":"ethusdt@aggTrade","data":{"e":"aggTrade","E":1721723067376,"a":1709025672,"s":"ETHUSDT","p":"3474.80","q":"0.043","f":4229210889,"l":4229210891,"T":1721723067373,"m":false}}
2024-07-23T16:24:27.305971Z info 8026 {"stream":"ethusdt@aggTrade","data":{"e":"aggTrade","E":1721723067376,"a":1709025673,"s":"ETHUSDT","p":"3474.81","q":"0.018","f":4229210892,"l":4229210893,"T":1721723067373,"m":false}}
2024-07-23T16:24:27.305977Z info 8026 {"stream":"ethusdt@aggTrade","data":{"e":"aggTrade","E":1721723067377,"a":1709025674,"s":"ETHUSDT","p":"3474.82","q":"0.039","f":4229210894,"l":4229210894,"T":1721723067373,"m":false}}
2024-07-23T16:24:27.305983Z info 8026 {"stream":"ethusdt@aggTrade","data":{"e":"aggTrade","E":1721723067377,"a":1709025675,"s":"ETHUSDT","p":"3474.83","q":"1.740","f":4229210895,"l":4229210896,"T":1721723067373,"m":false}}
2024-07-23T16:24:27.305988Z info 8026 {"stream":"ethusdt@aggTrade","data":{"e":"aggTrade","E":1721723067377,"a":1709025676,"s":"ETHUSDT","p":"3474.84","q":"4.991","f":4229210897,"l":4229210902,"T":1721723067373,"m":false}}
2024-07-23T16:24:27.305993Z info 8026 {"stream":"ethusdt@aggTrade","data":{"e":"aggTrade","E":1721723067377,"a":1709025677,"s":"ETHUSDT","p":"3474.86","q":"0.338","f":4229210903,"l":4229210907,"T":1721723067373,"m":false}}
2024-07-23T16:24:27.305998Z info 8026 {"stream":"ethusdt@aggTrade","data":{"e":"aggTrade","E":1721723067377,"a":1709025678,"s":"ETHUSDT","p":"3474.87","q":"0.022","f":4229210908,"l":4229210908,"T":1721723067373,"m":false}}
2024-07-23T16:24:27.306003Z info 8026 {"stream":"ethusdt@aggTrade","data":{"e":"aggTrade","E":1721723067377,"a":1709025679,"s":"ETHUSDT","p":"3474.88","q":"0.734","f":4229210909,"l":4229210910,"T":1721723067373,"m":false}}
2024-07-23T16:24:27.306008Z info 8026 {"stream":"ethusdt@aggTrade","data":{"e":"aggTrade","E":1721723067377,"a":1709025680,"s":"ETHUSDT","p":"3474.89","q":"0.017","f":4229210911,"l":4229210911,"T":1721723067373,"m":false}}
2024-07-23T16:24:27.306013Z info 8026 {"stream":"ethusdt@aggTrade","data":{"e":"aggTrade","E":1721723067377,"a":1709025681,"s":"ETHUSDT","p":"3474.90","q":"6.857","f":4229210912,"l":4229210917,"T":1721723067373,"m":false}}
2024-07-23T16:24:27.306018Z info 8026 {"stream":"ethusdt@aggTrade","data":{"e":"aggTrade","E":1721723067377,"a":1709025682,"s":"ETHUSDT","p":"3474.91","q":"0.190","f":4229210918,"l":4229210920,"T":1721723067373,"m":false}}
2024-07-23T16:24:27.306023Z info 8026 {"stream":"ethusdt@aggTrade","data":{"e":"aggTrade","E":1721723067377,"a":1709025683,"s":"ETHUSDT","p":"3474.92","q":"0.687","f":4229210921,"l":4229210925,"T":1721723067373,"m":false}}
2024-07-23T16:24:27.306028Z info 8026 {"stream":"ethusdt@aggTrade","data":{"e":"aggTrade","E":1721723067377,"a":1709025684,"s":"ETHUSDT","p":"3474.94","q":"0.103","f":4229210926,"l":4229210928,"T":1721723067373,"m":false}}
2024-07-23T16:24:27.306033Z info 8026 {"stream":"ethusdt@aggTrade","data":{"e":"aggTrade","E":1721723067377,"a":1709025685,"s":"ETHUSDT","p":"3474.95","q":"0.519","f":4229210929,"l":4229210930,"T":1721723067373,"m":false}}
2024-07-23T16:24:27.306039Z info 8026 {"stream":"ethusdt@aggTrade","data":{"e":"aggTrade","E":1721723067377,"a":1709025686,"s":"ETHUSDT","p":"3474.96","q":"16.496","f":4229210931,"l":4229210938,"T":1721723067373,"m":false}}
2024-07-23T16:24:27.306043Z info 8026 {"stream":"ethusdt@aggTrade","data":{"e":"aggTrade","E":1721723067377,"a":1709025687,"s":"ETHUSDT","p":"3474.97","q":"4.998","f":4229210939,"l":4229210941,"T":1721723067373,"m":false}}
2024-07-23T16:24:27.306048Z info 8026 {"stream":"ethusdt@aggTrade","data":{"e":"aggTrade","E":1721723067377,"a":1709025688,"s":"ETHUSDT","p":"3474.98","q":"3.665","f":4229210942,"l":4229210945,"T":1721723067373,"m":false}}
2024-07-23T16:24:27.306054Z info 8026 {"stream":"ethusdt@aggTrade","data":{"e":"aggTrade","E":1721723067377,"a":1709025689,"s":"ETHUSDT","p":"3474.99","q":"1.762","f":4229210946,"l":4229210949,"T":1721723067373,"m":false}}
2024-07-23T16:24:27.306939Z info 8026 {"stream":"ethusdt@aggTrade","data":{"e":"aggTrade","E":1721723067378,"a":1709025690,"s":"ETHUSDT","p":"3475.00","q":"55.659","f":4229210950,"l":4229211096,"T":1721723067373,"m":false}}
2024-07-23T16:24:27.306979Z info 8026 {"stream":"ethusdt@aggTrade","data":{"e":"aggTrade","E":1721723067378,"a":1709025691,"s":"ETHUSDT","p":"3474.73","q":"3.600","f":4229211097,"l":4229211097,"T":1721723067374,"m":true}}
2024-07-23T16:24:27.307011Z info 8026 {"stream":"ethusdt@aggTrade","data":{"e":"aggTrade","E":1721723067378,"a":1709025692,"s":"ETHUSDT","p":"3474.72","q":"3.600","f":4229211098,"l":4229211098,"T":1721723067374,"m":true}}
2024-07-23T16:24:27.307045Z info 8026 {"stream":"ethusdt@aggTrade","data":{"e":"aggTrade","E":1721723067378,"a":1709025693,"s":"ETHUSDT","p":"3474.71","q":"3.600","f":4229211099,"l":4229211099,"T":1721723067374,"m":true}}
2024-07-23T16:24:27.307067Z info 8026 {"stream":"ethusdt@aggTrade","data":{"e":"aggTrade","E":1721723067378,"a":1709025694,"s":"ETHUSDT","p":"3474.70","q":"3.600","f":4229211100,"l":4229211100,"T":1721723067374,"m":true}}
2024-07-23T16:24:27.307089Z info 8026 {"stream":"ethusdt@aggTrade","data":{"e":"aggTrade","E":1721723067378,"a":1709025695,"s":"ETHUSDT","p":"3474.69","q":"6.585","f":4229211101,"l":4229211102,"T":1721723067374,"m":true}}
2024-07-23T16:24:27.307111Z info 8026 {"stream":"ethusdt@aggTrade","data":{"e":"aggTrade","E":1721723067378,"a":1709025696,"s":"ETHUSDT","p":"3474.67","q":"2.106","f":4229211103,"l":4229211103,"T":1721723067374,"m":true}}
2024-07-23T16:24:27.307132Z info 8026 {"stream":"ethusdt@aggTrade","data":{"e":"aggTrade","E":1721723067378,"a":1709025697,"s":"ETHUSDT","p":"3474.77","q":"0.020","f":4229211104,"l":4229211104,"T":1721723067374,"m":true}}
2024-07-23T16:24:27.307154Z info 8026 {"stream":"ethusdt@aggTrade","data":{"e":"aggTrade","E":1721723067378,"a":1709025698,"s":"ETHUSDT","p":"3475.00","q":"10.000","f":4229211105,"l":4229211118,"T":1721723067374,"m":false}}
2024-07-23T16:24:27.307187Z info 8026 {"stream":"ethusdt@aggTrade","data":{"e":"aggTrade","E":1721723067378,"a":1709025699,"s":"ETHUSDT","p":"3474.98","q":"0.040","f":4229211119,"l":4229211119,"T":1721723067374,"m":true}}
2024-07-23T16:24:27.307220Z info 8026 {"stream":"ethusdt@aggTrade","data":{"e":"aggTrade","E":1721723067378,"a":1709025700,"s":"ETHUSDT","p":"3475.00","q":"0.888","f":4229211120,"l":4229211120,"T":1721723067374,"m":false}}
2024-07-23T16:24:27.307253Z info 8026 {"stream":"ethusdt@aggTrade","data":{"e":"aggTrade","E":1721723067378,"a":1709025701,"s":"ETHUSDT","p":"3474.98","q":"3.560","f":4229211121,"l":4229211124,"T":1721723067374,"m":true}}
2024-07-23T16:24:27.307286Z info 8026 {"stream":"ethusdt@aggTrade","data":{"e":"aggTrade","E":1721723067378,"a":1709025702,"s":"ETHUSDT","p":"3474.97","q":"1.267","f":4229211125,"l":4229211125,"T":1721723067374,"m":true}}
2024-07-23T16:24:27.307319Z info 8026 {"stream":"ethusdt@aggTrade","data":{"e":"aggTrade","E":1721723067378,"a":1709025703,"s":"ETHUSDT","p":"3475.00","q":"32.730","f":4229211126,"l":4229211151,"T":1721723067374,"m":false}}
2024-07-23T16:24:27.307352Z info 8026 {"stream":"ethusdt@aggTrade","data":{"e":"aggTrade","E":1721723067378,"a":1709025704,"s":"ETHUSDT","p":"3475.01","q":"0.854","f":4229211152,"l":4229211158,"T":1721723067374,"m":false}}
2024-07-23T16:24:27.307373Z info 8026 {"stream":"ethusdt@aggTrade","data":{"e":"aggTrade","E":1721723067378,"a":1709025705,"s":"ETHUSDT","p":"3475.02","q":"1.719","f":4229211159,"l":4229211161,"T":1721723067374,"m":false}}
2024-07-23T16:24:27.307404Z info 8026 {"stream":"ethusdt@aggTrade","data":{"e":"aggTrade","E":1721723067378,"a":1709025706,"s":"ETHUSDT","p":"3475.03","q":"0.728","f":4229211162,"l":4229211163,"T":1721723067374,"m":false}}
2024-07-23T16:24:27.307426Z info 8026 {"stream":"ethusdt@aggTrade","data":{"e":"aggTrade","E":1721723067378,"a":1709025707,"s":"ETHUSDT","p":"3475.04","q":"0.094","f":4229211164,"l":4229211167,"T":1721723067374,"m":false}}
2024-07-23T16:24:27.307448Z info 8026 {"stream":"ethusdt@aggTrade","data":{"e":"aggTrade","E":1721723067378,"a":1709025708,"s":"ETHUSDT","p":"3475.05","q":"0.012","f":4229211168,"l":4229211168,"T":1721723067374,"m":false}}
2024-07-23T16:24:27.307470Z info 8026 {"stream":"ethusdt@aggTrade","data":{"e":"aggTrade","E":1721723067378,"a":1709025709,"s":"ETHUSDT","p":"3475.06","q":"5.646","f":4229211169,"l":4229211175,"T":1721723067374,"m":false}}
2024-07-23T16:24:27.307503Z info 8026 {"stream":"ethusdt@aggTrade","data":{"e":"aggTrade","E":1721723067378,"a":1709025710,"s":"ETHUSDT","p":"3475.07","q":"1.464","f":4229211176,"l":4229211182,"T":1721723067374,"m":false}}
2024-07-23T16:24:27.307525Z info 8026 {"stream":"ethusdt@aggTrade","data":{"e":"aggTrade","E":1721723067378,"a":1709025711,"s":"ETHUSDT","p":"3475.08","q":"2.506","f":4229211183,"l":4229211186,"T":1721723067374,"m":false}}
2024-07-23T16:24:27.307547Z info 8026 {"stream":"ethusdt@aggTrade","data":{"e":"aggTrade","E":1721723067378,"a":1709025712,"s":"ETHUSDT","p":"3475.09","q":"0.006","f":4229211187,"l":4229211187,"T":1721723067374,"m":false}}
2024-07-23T16:24:27.307569Z info 8026 {"stream":"ethusdt@aggTrade","data":{"e":"aggTrade","E":1721723067378,"a":1709025713,"s":"ETHUSDT","p":"3475.10","q":"1.878","f":4229211188,"l":4229211190,"T":1721723067374,"m":false}}
2024-07-23T16:24:27.307591Z info 8026 {"stream":"ethusdt@aggTrade","data":{"e":"aggTrade","E":1721723067378,"a":1709025714,"s":"ETHUSDT","p":"3475.11","q":"1.354","f":4229211191,"l":4229211193,"T":1721723067374,"m":false}}
2024-07-23T16:24:27.309126Z info 8026 {"stream":"ethusdt@aggTrade","data":{"e":"aggTrade","E":1721723067378,"a":1709025715,"s":"ETHUSDT","p":"3475.12","q":"4.349","f":4229211194,"l":4229211199,"T":1721723067374,"m":false}}
2024-07-23T16:24:27.309162Z info 8026 {"stream":"ethusdt@aggTrade","data":{"e":"aggTrade","E":1721723067378,"a":1709025716,"s":"ETHUSDT","p":"3475.13","q":"1.872","f":4229211200,"l":4229211201,"T":1721723067374,"m":false}}
2024-07-23T16:24:27.309195Z info 8026 {"stream":"ethusdt@aggTrade","data":{"e":"aggTrade","E":1721723067378,"a":1709025717,"s":"ETHUSDT","p":"3475.14","q":"5.190","f":4229211202,"l":4229211207,"T":1721723067374,"m":false}}
2024-07-23T16:24:27.309227Z info 8026 {"stream":"ethusdt@aggTrade","data":{"e":"aggTrade","E":1721723067379,"a":1709025718,"s":"ETHUSDT","p":"3475.15","q":"0.052","f":4229211208,"l":4229211209,"T":1721723067374,"m":false}}
2024-07-23T16:24:27.309260Z info 8026 {"stream":"ethusdt@aggTrade","data":{"e":"aggTrade","E":1721723067379,"a":1709025719,"s":"ETHUSDT","p":"3475.16","q":"0.126","f":4229211210,"l":4229211213,"T":1721723067374,"m":false}}
2024-07-23T16:24:27.309293Z info 8026 {"stream":"ethusdt@aggTrade","data":{"e":"aggTrade","E":1721723067379,"a":1709025720,"s":"ETHUSDT","p":"3475.17","q":"0.081","f":4229211214,"l":4229211215,"T":1721723067374,"m":false}}
2024-07-23T16:24:27.309326Z info 8026 {"stream":"ethusdt@aggTrade","data":{"e":"aggTrade","E":1721723067379,"a":1709025721,"s":"ETHUSDT","p":"3475.18","q":"1.527","f":4229211216,"l":4229211220,"T":1721723067374,"m":false}}
2024-07-23T16:24:27.309359Z info 8026 {"stream":"ethusdt@aggTrade","data":{"e":"aggTrade","E":1721723067379,"a":1709025722,"s":"ETHUSDT","p":"3475.20","q":"16.747","f":4229211221,"l":4229211229,"T":1721723067375,"m":false}}
2024-07-23T16:24:27.309393Z info 8026 {"stream":"ethusdt@aggTrade","data":{"e":"aggTrade","E":1721723067379,"a":1709025723,"s":"ETHUSDT","p":"3475.21","q":"0.039","f":4229211230,"l":4229211231,"T":1721723067375,"m":false}}
2024-07-23T16:24:27.309425Z info 8026 {"stream":"ethusdt@aggTrade","data":{"e":"aggTrade","E":1721723067379,"a":1709025724,"s":"ETHUSDT","p":"3475.22","q":"0.007","f":4229211232,"l":4229211232,"T":1721723067375,"m":false}}
2024-07-23T16:24:27.309458Z info 8026 {"stream":"ethusdt@aggTrade","data":{"e":"aggTrade","E":1721723067379,"a":1709025725,"s":"ETHUSDT","p":"3475.23","q":"0.133","f":4229211233,"l":4229211235,"T":1721723067375,"m":false}}
2024-07-23T16:24:27.309490Z info 8026 {"stream":"ethusdt@aggTrade","data":{"e":"aggTrade","E":1721723067379,"a":1709025726,"s":"ETHUSDT","p":"3475.24","q":"1.113","f":4229211236,"l":4229211239,"T":1721723067375,"m":false}}
2024-07-23T16:24:27.309523Z info 8026 {"stream":"ethusdt@aggTrade","data":{"e":"aggTrade","E":1721723067379,"a":1709025727,"s":"ETHUSDT","p":"3475.25","q":"9.380","f":4229211240,"l":4229211242,"T":1721723067375,"m":false}}
2024-07-23T16:24:27.309556Z info 8026 {"stream":"ethusdt@aggTrade","data":{"e":"aggTrade","E":1721723067379,"a":1709025728,"s":"ETHUSDT","p":"3475.26","q":"2.175","f":4229211243,"l":4229211245,"T":1721723067375,"m":false}}
2024-07-23T16:24:27.309588Z info 8026 {"stream":"ethusdt@aggTrade","data":{"e":"aggTrade","E":1721723067379,"a":1709025729,"s":"ETHUSDT","p":"3475.27","q":"12.411","f":4229211246,"l":4229211251,"T":1721723067375,"m":false}}
2024-07-23T16:24:27.309610Z info 8026 {"stream":"ethusdt@aggTrade","data":{"e":"aggTrade","E":1721723067379,"a":1709025730,"s":"ETHUSDT","p":"3475.28","q":"0.044","f":4229211252,"l":4229211253,"T":1721723067375,"m":false}}
2024-07-23T16:24:27.309631Z info 8026 {"stream":"ethusdt@aggTrade","data":{"e":"aggTrade","E":1721723067379,"a":1709025731,"s":"ETHUSDT","p":"3475.29","q":"1.641","f":4229211254,"l":4229211257,"T":1721723067375,"m":false}}
2024-07-23T16:24:27.309653Z info 8026 {"stream":"ethusdt@aggTrade","data":{"e":"aggTrade","E":1721723067379,"a":1709025732,"s":"ETHUSDT","p":"3475.30","q":"0.006","f":4229211258,"l":4229211258,"T":1721723067375,"m":false}}
2024-07-23T16:24:27.309674Z info 8026 {"stream":"ethusdt@aggTrade","data":{"e":"aggTrade","E":1721723067379,"a":1709025733,"s":"ETHUSDT","p":"3475.31","q":"19.513","f":4229211259,"l":4229211263,"T":1721723067375,"m":false}}
2024-07-23T16:24:27.309696Z info 8026 {"stream":"ethusdt@aggTrade","data":{"e":"aggTrade","E":1721723067379,"a":1709025734,"s":"ETHUSDT","p":"3475.32","q":"0.679","f":4229211264,"l":4229211268,"T":1721723067375,"m":false}}
2024-07-23T16:24:27.309717Z info 8026 {"stream":"ethusdt@aggTrade","data":{"e":"aggTrade","E":1721723067379,"a":1709025735,"s":"ETHUSDT","p":"3475.33","q":"1.510","f":4229211269,"l":4229211272,"T":1721723067375,"m":false}}
2024-07-23T16:24:27.309738Z info 8026 {"stream":"ethusdt@aggTrade","data":{"e":"aggTrade","E":1721723067379,"a":1709025736,"s":"ETHUSDT","p":"3475.35","q":"0.762","f":4229211273,"l":4229211310,"T":1721723067375,"m":false}}
2024-07-23T16:24:27.309770Z info 8026 {"stream":"ethusdt@aggTrade","data":{"e":"aggTrade","E":1721723067379,"a":1709025737,"s":"ETHUSDT","p":"3475.36","q":"0.811","f":4229211311,"l":4229211334,"T":1721723067375,"m":false}}
2024-07-23T16:24:27.309803Z info 8026 {"stream":"ethusdt@aggTrade","data":{"e":"aggTrade","E":1721723067379,"a":1709025738,"s":"ETHUSDT","p":"3475.37","q":"0.017","f":4229211335,"l":4229211335,"T":1721723067375,"m":false}}
2024-07-23T16:24:27.309834Z info 8026 {"stream":"ethusdt@aggTrade","data":{"e":"aggTrade","E":1721723067379,"a":1709025739,"s":"ETHUSDT","p":"3475.38","q":"6.466","f":4229211336,"l":4229211337,"T":1721723067375,"m":false}}
2024-07-23T16:24:27.309871Z info 8026 {"stream":"ethusdt@aggTrade","data":{"e":"aggTrade","E":1721723067379,"a":1709025740,"s":"ETHUSDT","p":"3475.39","q":"6.120","f":4229211338,"l":4229211340,"T":1721723067375,"m":false}}
2024-07-23T16:24:27.309903Z info 8026 {"stream":"ethusdt@aggTrade","data":{"e":"aggTrade","E":1721723067379,"a":1709025741,"s":"ETHUSDT","p":"3475.40","q":"1.471","f":4229211341,"l":4229211344,"T":1721723067375,"m":false}}
2024-07-23T16:24:27.309935Z info 8026 {"stream":"ethusdt@aggTrade","data":{"e":"aggTrade","E":1721723067379,"a":1709025742,"s":"ETHUSDT","p":"3475.41","q":"3.772","f":4229211345,"l":4229211347,"T":1721723067375,"m":false}}
2024-07-23T16:24:27.309969Z info 8026 {"stream":"ethusdt@aggTrade","data":{"e":"aggTrade","E":1721723067379,"a":1709025743,"s":"ETHUSDT","p":"3475.42","q":"4.995","f":4229211348,"l":4229211354,"T":1721723067375,"m":false}}
2024-07-23T16:24:27.310002Z info 8026 {"stream":"ethusdt@aggTrade","data":{"e":"aggTrade","E":1721723067379,"a":1709025744,"s":"ETHUSDT","p":"3474.97","q":"0.346","f":4229211355,"l":4229211355,"T":1721723067375,"m":true}}
2024-07-23T16:24:27.310034Z info 8026 {"stream":"ethusdt@aggTrade","data":{"e":"aggTrade","E":1721723067379,"a":1709025745,"s":"ETHUSDT","p":"3475.42","q":"0.219","f":4229211356,"l":4229211356,"T":1721723067375,"m":false}}
2024-07-23T16:24:27.310066Z info 8026 {"stream":"ethusdt@aggTrade","data":{"e":"aggTrade","E":1721723067380,"a":1709025746,"s":"ETHUSDT","p":"3475.43","q":"13.476","f":4229211357,"l":4229211367,"T":1721723067375,"m":false}}
2024-07-23T16:24:27.310121Z info 8026 {"stream":"ethusdt@aggTrade","data":{"e":"aggTrade","E":1721723067380,"a":1709025747,"s":"ETHUSDT","p":"3475.44","q":"0.202","f":4229211368,"l":4229211371,"T":1721723067375,"m":false}}
2024-07-23T16:24:27.385001Z info 8026 {"stream":"ethusdt@aggTrade","data":{"e":"aggTrade","E":1721723067384,"a":1709025748,"s":"ETHUSDT","p":"3475.04","q":"0.007","f":4229211372,"l":4229211372,"T":1721723067376,"m":false}}
2024-07-23T16:24:27.385034Z info 8026 {"stream":"ethusdt@aggTrade","data":{"e":"aggTrade","E":1721723067390,"a":1709025749,"s":"ETHUSDT","p":"3475.00","q":"0.057","f":4229211373,"l":4229211374,"T":1721723067380,"m":true}}
2024-07-23T16:24:27.385046Z info 8026 {"stream":"ethusdt@aggTrade","data":{"e":"aggTrade","E":1721723067398,"a":1709025750,"s":"ETHUSDT","p":"3475.19","q":"0.100","f":4229211375,"l":4229211376,"T":1721723067388,"m":false}}
2024-07-23T16:24:27.385071Z info 8026 {"stream":"ethusdt@aggTrade","data":{"e":"aggTrade","E":1721723067403,"a":1709025751,"s":"ETHUSDT","p":"3475.14","q":"0.029","f":4229211377,"l":4229211377,"T":1721723067395,"m":true}}
2024-07-23T16:24:27.385096Z info 8026 {"stream":"xrpusdt@aggTrade","data":{"e":"aggTrade","E":1721723067409,"a":431750196,"s":"XRPUSDT","p":"0.5967","q":"4265.5","f":1535418893,"l":1535418905,"T":1721723067256,"m":false}}
2024-07-23T16:24:27.385105Z info 8026 {"stream":"ethusdt@aggTrade","data":{"e":"aggTrade","E":1721723067433,"a":1709025752,"s":"ETHUSDT","p":"3475.19","q":"0.483","f":4229211378,"l":4229211379,"T":1721723067400,"m":false}}
2024-07-23T16:24:27.385129Z info 8026 {"stream":"ethusdt@aggTrade","data":{"e":"aggTrade","E":1721723067434,"a":1709025753,"s":"ETHUSDT","p":"3475.18","q":"0.010","f":4229211380,"l":4229211380,"T":1721723067430,"m":true}}
2024-07-23T16:24:27.385152Z info 8026 {"stream":"ethusdt@aggTrade","data":{"e":"aggTrade","E":1721723067434,"a":1709025754,"s":"ETHUSDT","p":"3475.01","q":"0.580","f":4229211381,"l":4229211381,"T":1721723067431,"m":false}}
2024-07-23T16:24:27.385186Z info 8026 {"stream":"ethusdt@aggTrade","data":{"e":"aggTrade","E":1721723067434,"a":1709025755,"s":"ETHUSDT","p":"3475.00","q":"0.015","f":4229211382,"l":4229211382,"T":1721723067431,"m":true}}
2024-07-23T16:24:27.385211Z info 8026 {"stream":"ethusdt@aggTrade","data":{"e":"aggTrade","E":1721723067451,"a":1709025756,"s":"ETHUSDT","p":"3474.99","q":"0.080","f":4229211383,"l":4229211385,"T":1721723067431,"m":true}}
2024-07-23T16:24:27.385234Z info 8026 {"stream":"ethusdt@aggTrade","data":{"e":"aggTrade","E":1721723067451,"a":1709025757,"s":"ETHUSDT","p":"3474.96","q":"0.025","f":4229211386,"l":4229211387,"T":1721723067448,"m":true}}
2024-07-23T16:24:27.385241Z info 8026 {"stream":"ethusdt@aggTrade","data":{"e":"aggTrade","E":1721723067451,"a":1709025758,"s":"ETHUSDT","p":"3474.92","q":"0.015","f":4229211388,"l":4229211388,"T":1721723067448,"m":true}}
2024-07-23T16:24:27.385263Z info 8026 {"stream":"ethusdt@aggTrade","data":{"e":"aggTrade","E":1721723067451,"a":1709025759,"s":"ETHUSDT","p":"3474.88","q":"0.015","f":4229211389,"l":4229211389,"T":1721723067448,"m":true}}
2024-07-23T16:24:27.385285Z info 8026 {"stream":"ethusdt@aggTrade","data":{"e":"aggTrade","E":1721723067451,"a":1709025760,"s":"ETHUSDT","p":"3474.84","q":"0.015","f":4229211390,"l":4229211390,"T":1721723067448,"m":true}}
2024-07-23T16:24:27.385317Z info 8026 {"stream":"ethusdt@aggTrade","data":{"e":"aggTrade","E":1721723067453,"a":1709025761,"s":"ETHUSDT","p":"3474.80","q":"0.146","f":4229211391,"l":4229211391,"T":1721723067448,"m":true}}
2024-07-23T16:24:27.385346Z info 8026 {"stream":"ethusdt@aggTrade","data":{"e":"aggTrade","E":1721723067453,"a":1709025762,"s":"ETHUSDT","p":"3474.81","q":"20.061","f":4229211392,"l":4229211398,"T":1721723067450,"m":false}}
2024-07-23T16:24:27.388746Z info 8026 {"stream":"ethusdt@aggTrade","data":{"e":"aggTrade","E":1721723067461,"a":1709025763,"s":"ETHUSDT","p":"3474.84","q":"2.123","f":4229211399,"l":4229211399,"T":1721723067450,"m":false}}
2024-07-23T16:24:27.388771Z info 8026 {"stream":"ethusdt@aggTrade","data":{"e":"aggTrade","E":1721723067461,"a":1709025764,"s":"ETHUSDT","p":"3474.81","q":"0.014","f":4229211400,"l":4229211400,"T":1721723067457,"m":false}}
2024-07-23T16:24:27.389650Z info 8026 {"stream":"ethusdt@aggTrade","data":{"e":"aggTrade","E":1721723067461,"a":1709025765,"s":"ETHUSDT","p":"3474.80","q":"0.007","f":4229211401,"l":4229211401,"T":1721723067457,"m":true}}
2024-07-23T16:24:27.423105Z info 8026 {"stream":"ethusdt@aggTrade","data":{"e":"aggTrade","E":1721723067496,"a":1709025766,"s":"ETHUSDT","p":"3474.81","q":"0.364","f":4229211402,"l":4229211428,"T":1721723067457,"m":false}}
2024-07-23T16:24:27.432784Z info 8026 {"stream":"ethusdt@aggTrade","data":{"e":"aggTrade","E":1721723067504,"a":1709025767,"s":"ETHUSDT","p":"3474.80","q":"3.611","f":4229211429,"l":4229211442,"T":1721723067492,"m":true}}
2024-07-23T16:24:27.432818Z info 8026 {"stream":"ethusdt@aggTrade","data":{"e":"aggTrade","E":1721723067504,"a":1709025768,"s":"ETHUSDT","p":"3474.79","q":"0.014","f":4229211443,"l":4229211443,"T":1721723067501,"m":true}}
2024-07-23T16:24:27.432851Z info 8026 {"stream":"ethusdt@aggTrade","data":{"e":"aggTrade","E":1721723067504,"a":1709025769,"s":"ETHUSDT","p":"3474.76","q":"0.015","f":4229211444,"l":4229211444,"T":1721723067501,"m":true}}
2024-07-23T16:24:27.432883Z info 8026 {"stream":"ethusdt@aggTrade","data":{"e":"aggTrade","E":1721723067504,"a":1709025770,"s":"ETHUSDT","p":"3474.72","q":"0.015","f":4229211445,"l":4229211445,"T":1721723067501,"m":true}}
2024-07-23T16:24:27.436258Z info 8026 {"stream":"ethusdt@aggTrade","data":{"e":"aggTrade","E":1721723067507,"a":1709025771,"s":"ETHUSDT","p":"3474.70","q":"0.005","f":4229211446,"l":4229211446,"T":1721723067501,"m":true}}
2024-07-23T16:24:27.451307Z info 8026 {"stream":"ethusdt@aggTrade","data":{"e":"aggTrade","E":1721723067522,"a":1709025772,"s":"ETHUSDT","p":"3474.71","q":"0.068","f":4229211447,"l":4229211447,"T":1721723067505,"m":false}}
2024-07-23T16:24:27.483337Z info 8026 {"stream":"ethusdt@aggTrade","data":{"e":"aggTrade","E":1721723067554,"a":1709025773,"s":"ETHUSDT","p":"3474.70","q":"6.326","f":4229211448,"l":4229211455,"T":1721723067519,"m":true}}
2024-07-23T16:24:27.483370Z info 8026 {"stream":"ethusdt@aggTrade","data":{"e":"aggTrade","E":1721723067554,"a":1709025774,"s":"ETHUSDT","p":"3474.68","q":"0.015","f":4229211456,"l":4229211456,"T":1721723067551,"m":true}}
2024-07-23T16:24:27.483402Z info 8026 {"stream":"ethusdt@aggTrade","data":{"e":"aggTrade","E":1721723067554,"a":1709025775,"s":"ETHUSDT","p":"3474.64","q":"0.015","f":4229211457,"l":4229211457,"T":1721723067551,"m":true}}
2024-07-23T16:24:27.483438Z info 8026 {"stream":"ethusdt@aggTrade","data":{"e":"aggTrade","E":1721723067554,"a":1709025776,"s":"ETHUSDT","p":"3474.60","q":"0.015","f":4229211458,"l":4229211458,"T":1721723067551,"m":true}}
2024-07-23T16:24:27.483470Z info 8026 {"stream":"ethusdt@aggTrade","data":{"e":"aggTrade","E":1721723067554,"a":1709025777,"s":"ETHUSDT","p":"3474.57","q":"0.144","f":4229211459,"l":4229211459,"T":1721723067551,"m":true}}
2024-07-23T16:24:27.483502Z info 8026 {"stream":"ethusdt@aggTrade","data":{"e":"aggTrade","E":1721723067554,"a":1709025778,"s":"ETHUSDT","p":"3474.56","q":"0.015","f":4229211460,"l":4229211460,"T":1721723067551,"m":true}}
2024-07-23T16:24:27.483532Z info 8026 {"stream":"ethusdt@aggTrade","data":{"e":"aggTrade","E":1721723067554,"a":1709025779,"s":"ETHUSDT","p":"3474.53","q":"0.698","f":4229211461,"l":4229211465,"T":1721723067551,"m":true}}
2024-07-23T16:24:27.483564Z info 8026 {"stream":"ethusdt@aggTrade","data":{"e":"aggTrade","E":1721723067554,"a":1709025780,"s":"ETHUSDT","p":"3474.52","q":"0.021","f":4229211466,"l":4229211467,"T":1721723067551,"m":true}}
2024-07-23T16:24:27.483605Z info 8026 {"stream":"ethusdt@aggTrade","data":{"e":"aggTrade","E":1721723067554,"a":1709025781,"s":"ETHUSDT","p":"3474.51","q":"3.086","f":4229211468,"l":4229211469,"T":1721723067551,"m":true}}
2024-07-23T16:24:27.483637Z info 8026 {"stream":"ethusdt@aggTrade","data":{"e":"aggTrade","E":1721723067554,"a":1709025782,"s":"ETHUSDT","p":"3474.48","q":"0.015","f":4229211470,"l":4229211470,"T":1721723067551,"m":true}}
2024-07-23T16:24:27.483669Z info 8026 {"stream":"ethusdt@aggTrade","data":{"e":"aggTrade","E":1721723067554,"a":1709025783,"s":"ETHUSDT","p":"3474.44","q":"0.015","f":4229211471,"l":4229211471,"T":1721723067551,"m":true}}
2024-07-23T16:24:27.527044Z info 8026 {"stream":"ethusdt@aggTrade","data":{"e":"aggTrade","E":1721723067598,"a":1709025784,"s":"ETHUSDT","p":"3474.41","q":"0.603","f":4229211472,"l":4229211475,"T":1721723067551,"m":true}}
2024-07-23T16:24:27.527080Z info 8026 {"stream":"ethusdt@aggTrade","data":{"e":"aggTrade","E":1721723067598,"a":1709025785,"s":"ETHUSDT","p":"3474.42","q":"1.000","f":4229211476,"l":4229211476,"T":1721723067596,"m":false}}
2024-07-23T16:24:27.527111Z info 8026 {"stream":"ethusdt@aggTrade","data":{"e":"aggTrade","E":1721723067598,"a":1709025786,"s":"ETHUSDT","p":"3474.70","q":"0.829","f":4229211477,"l":4229211478,"T":1721723067596,"m":false}}
2024-07-23T16:24:27.527142Z info 8026 {"stream":"ethusdt@aggTrade","data":{"e":"aggTrade","E":1721723067598,"a":1709025787,"s":"ETHUSDT","p":"3474.71","q":"0.229","f":4229211479,"l":4229211479,"T":1721723067596,"m":false}}
2024-07-23T16:24:27.527164Z info 8026 {"stream":"ethusdt@aggTrade","data":{"e":"aggTrade","E":1721723067598,"a":1709025788,"s":"ETHUSDT","p":"3474.82","q":"0.050","f":4229211480,"l":4229211480,"T":1721723067596,"m":false}}
2024-07-23T16:24:27.527197Z info 8026 {"stream":"ethusdt@aggTrade","data":{"e":"aggTrade","E":1721723067598,"a":1709025789,"s":"ETHUSDT","p":"3474.88","q":"2.158","f":4229211481,"l":4229211483,"T":1721723067596,"m":false}}
2024-07-23T16:24:27.527229Z info 8026 {"stream":"ethusdt@aggTrade","data":{"e":"aggTrade","E":1721723067598,"a":1709025790,"s":"ETHUSDT","p":"3474.90","q":"1.731","f":4229211484,"l":4229211486,"T":1721723067597,"m":false}}
2024-07-23T16:24:27.527292Z info 8026 {"stream":"ethusdt@aggTrade","data":{"e":"aggTrade","E":1721723067598,"a":1709025791,"s":"ETHUSDT","p":"3474.94","q":"0.006","f":4229211487,"l":4229211487,"T":1721723067597,"m":false}}
2024-07-23T16:24:27.527339Z info 8026 {"stream":"ethusdt@aggTrade","data":{"e":"aggTrade","E":1721723067599,"a":1709025792,"s":"ETHUSDT","p":"3474.97","q":"2.948","f":4229211488,"l":4229211492,"T":1721723067597,"m":false}}
2024-07-23T16:24:27.528184Z info 8026 {"stream":"ethusdt@aggTrade","data":{"e":"aggTrade","E":1721723067599,"a":1709025793,"s":"ETHUSDT","p":"3475.00","q":"1.200","f":4229211493,"l":4229211493,"T":1721723067597,"m":false}}
2024-07-23T16:24:27.528221Z info 8026 {"stream":"ethusdt@aggTrade","data":{"e":"aggTrade","E":1721723067599,"a":1709025794,"s":"ETHUSDT","p":"3475.01","q":"0.135","f":4229211494,"l":4229211494,"T":1721723067597,"m":false}}
2024-07-23T16:24:27.528254Z info 8026 {"stream":"ethusdt@aggTrade","data":{"e":"aggTrade","E":1721723067599,"a":1709025795,"s":"ETHUSDT","p":"3475.09","q":"0.100","f":4229211495,"l":4229211495,"T":1721723067597,"m":false}}
2024-07-23T16:24:27.533301Z info 8026 {"stream":"ethusdt@aggTrade","data":{"e":"aggTrade","E":1721723067604,"a":1709025796,"s":"ETHUSDT","p":"3475.12","q":"4.259","f":4229211496,"l":4229211496,"T":1721723067597,"m":false}}
2024-07-23T16:24:27.536807Z info 8026 {"stream":"ethusdt@aggTrade","data":{"e":"aggTrade","E":1721723067608,"a":1709025797,"s":"ETHUSDT","p":"3475.11","q":"14.321","f":4229211497,"l":4229211506,"T":1721723067602,"m":true}}
2024-07-23T16:24:27.541245Z info 8026 {"stream":"ethusdt@aggTrade","data":{"e":"aggTrade","E":1721723067612,"a":1709025798,"s":"ETHUSDT","p":"3475.11","q":"0.050","f":4229211507,"l":4229211507,"T":1721723067607,"m":false}}
2024-07-23T16:24:27.541286Z info 8026 {"stream":"ethusdt@aggTrade","data":{"e":"aggTrade","E":1721723067612,"a":1709025799,"s":"ETHUSDT","p":"3475.00","q":"2.100","f":4229211508,"l":4229211509,"T":1721723067610,"m":true}}
2024-07-23T16:24:27.541318Z info 8026 {"stream":"ethusdt@aggTrade","data":{"e":"aggTrade","E":1721723067612,"a":1709025800,"s":"ETHUSDT","p":"3474.71","q":"0.050","f":4229211510,"l":4229211510,"T":1721723067611,"m":true}}
2024-07-23T16:24:27.541351Z info 8026 {"stream":"ethusdt@aggTrade","data":{"e":"aggTrade","E":1721723067612,"a":1709025801,"s":"ETHUSDT","p":"3474.70","q":"2.087","f":4229211511,"l":4229211513,"T":1721723067611,"m":true}}
2024-07-23T16:24:27.545331Z info 8026 {"stream":"ethusdt@aggTrade","data":{"e":"aggTrade","E":1721723067616,"a":1709025802,"s":"ETHUSDT","p":"3475.01","q":"0.050","f":4229211514,"l":4229211514,"T":1721723067611,"m":false}}
2024-07-23T16:24:27.545365Z info 8026 {"stream":"ethusdt@aggTrade","data":{"e":"aggTrade","E":1721723067616,"a":1709025803,"s":"ETHUSDT","p":"3475.00","q":"4.498","f":4229211515,"l":4229211519,"T":1721723067614,"m":true}}
2024-07-23T16:24:27.545397Z info 8026 {"stream":"ethusdt@aggTrade","data":{"e":"aggTrade","E":1721723067616,"a":1709025804,"s":"ETHUSDT","p":"3474.96","q":"0.015","f":4229211520,"l":4229211520,"T":1721723067614,"m":true}}
2024-07-23T16:24:27.545430Z info 8026 {"stream":"ethusdt@aggTrade","data":{"e":"aggTrade","E":1721723067616,"a":1709025805,"s":"ETHUSDT","p":"3474.92","q":"0.015","f":4229211521,"l":4229211521,"T":1721723067614,"m":true}}
2024-07-23T16:24:27.545462Z info 8026 {"stream":"ethusdt@aggTrade","data":{"e":"aggTrade","E":1721723067616,"a":1709025806,"s":"ETHUSDT","p":"3474.88","q":"0.015","f":4229211522,"l":4229211522,"T":1721723067614,"m":true}}
2024-07-23T16:24:27.545494Z info 8026 {"stream":"ethusdt@aggTrade","data":{"e":"aggTrade","E":1721723067616,"a":1709025807,"s":"ETHUSDT","p":"3474.84","q":"0.015","f":4229211523,"l":4229211523,"T":1721723067614,"m":true}}
2024-07-23T16:24:27.545526Z info 8026 {"stream":"ethusdt@aggTrade","data":{"e":"aggTrade","E":1721723067616,"a":1709025808,"s":"ETHUSDT","p":"3474.80","q":"0.015","f":4229211524,"l":4229211524,"T":1721723067614,"m":true}}
2024-07-23T16:24:27.545557Z info 8026 {"stream":"ethusdt@aggTrade","data":{"e":"aggTrade","E":1721723067616,"a":1709025809,"s":"ETHUSDT","p":"3474.76","q":"0.015","f":4229211525,"l":4229211525,"T":1721723067614,"m":true}}
2024-07-23T16:24:27.545589Z info 8026 {"stream":"ethusdt@aggTrade","data":{"e":"aggTrade","E":1721723067616,"a":1709025810,"s":"ETHUSDT","p":"3474.72","q":"0.015","f":4229211526,"l":4229211526,"T":1721723067614,"m":true}}
2024-07-23T16:24:27.598671Z info 8026 {"stream":"ethusdt@aggTrade","data":{"e":"aggTrade","E":1721723067670,"a":1709025811,"s":"ETHUSDT","p":"3474.70","q":"0.020","f":4229211527,"l":4229211527,"T":1721723067614,"m":true}}
2024-07-23T16:24:27.601166Z info 8026 {"stream":"ethusdt@aggTrade","data":{"e":"aggTrade","E":1721723067671,"a":1709025812,"s":"ETHUSDT","p":"3474.71","q":"13.803","f":4229211528,"l":4229211538,"T":1721723067669,"m":false}}
2024-07-23T16:24:27.601215Z info 8026 {"stream":"ethusdt@aggTrade","data":{"e":"aggTrade","E":1721723067671,"a":1709025813,"s":"ETHUSDT","p":"3474.97","q":"0.006","f":4229211539,"l":4229211539,"T":1721723067669,"m":false}}
2024-07-23T16:24:27.601246Z info 8026 {"stream":"ethusdt@aggTrade","data":{"e":"aggTrade","E":1721723067672,"a":1709025814,"s":"ETHUSDT","p":"3475.00","q":"2.902","f":4229211540,"l":4229211541,"T":1721723067669,"m":false}}
2024-07-23T16:24:27.601278Z info 8026 {"stream":"ethusdt@aggTrade","data":{"e":"aggTrade","E":1721723067672,"a":1709025815,"s":"ETHUSDT","p":"3475.01","q":"3.300","f":4229211542,"l":4229211544,"T":1721723067669,"m":false}}
2024-07-23T16:24:27.601309Z info 8026 {"stream":"ethusdt@aggTrade","data":{"e":"aggTrade","E":1721723067672,"a":1709025816,"s":"ETHUSDT","p":"3475.03","q":"4.800","f":4229211545,"l":4229211547,"T":1721723067669,"m":false}}
2024-07-23T16:24:27.601341Z info 8026 {"stream":"ethusdt@aggTrade","data":{"e":"aggTrade","E":1721723067672,"a":1709025817,"s":"ETHUSDT","p":"3475.08","q":"3.177","f":4229211548,"l":4229211552,"T":1721723067669,"m":false}}
2024-07-23T16:24:27.601375Z info 8026 {"stream":"ethusdt@aggTrade","data":{"e":"aggTrade","E":1721723067672,"a":1709025818,"s":"ETHUSDT","p":"3475.11","q":"2.927","f":4229211553,"l":4229211556,"T":1721723067669,"m":false}}
2024-07-23T16:24:27.617126Z info 8026 {"stream":"ethusdt@aggTrade","data":{"e":"aggTrade","E":1721723067688,"a":1709025819,"s":"ETHUSDT","p":"3475.12","q":"18.623","f":4229211557,"l":4229211568,"T":1721723067669,"m":false}}
2024-07-23T16:24:27.621988Z info 8026 {"stream":"ethusdt@aggTrade","data":{"e":"aggTrade","E":1721723067693,"a":1709025820,"s":"ETHUSDT","p":"3475.11","q":"0.702","f":4229211569,"l":4229211573,"T":1721723067687,"m":true}}
2024-07-23T16:24:27.622030Z info 8026 {"stream":"ethusdt@aggTrade","data":{"e":"aggTrade","E":1721723067693,"a":1709025821,"s":"ETHUSDT","p":"3475.08","q":"0.694","f":4229211574,"l":4229211574,"T":1721723067691,"m":true}}
2024-07-23T16:24:27.737519Z info 8026 {"stream":"ethusdt@aggTrade","data":{"e":"aggTrade","E":1721723067808,"a":1709025822,"s":"ETHUSDT","p":"3474.82","q":"0.020","f":4229211575,"l":4229211575,"T":1721723067691,"m":true}}
2024-07-23T16:24:27.748939Z info 8026 {"stream":"ethusdt@aggTrade","data":{"e":"aggTrade","E":1721723067820,"a":1709025823,"s":"ETHUSDT","p":"3474.83","q":"0.050","f":4229211576,"l":4229211577,"T":1721723067807,"m":false}}
2024-07-23T16:24:27.753269Z info 8026 {"stream":"ethusdt@aggTrade","data":{"e":"aggTrade","E":1721723067824,"a":1709025824,"s":"ETHUSDT","p":"3474.82","q":"0.391","f":4229211578,"l":4229211581,"T":1721723067818,"m":true}}
2024-07-23T16:24:27.753301Z info 8026 {"stream":"ethusdt@aggTrade","data":{"e":"aggTrade","E":1721723067824,"a":1709025825,"s":"ETHUSDT","p":"3474.68","q":"0.015","f":4229211582,"l":4229211582,"T":1721723067822,"m":true}}
2024-07-23T16:24:27.753333Z info 8026 {"stream":"ethusdt@aggTrade","data":{"e":"aggTrade","E":1721723067824,"a":1709025826,"s":"ETHUSDT","p":"3474.64","q":"0.015","f":4229211583,"l":4229211583,"T":1721723067822,"m":true}}
2024-07-23T16:24:27.758250Z info 8026 {"stream":"ethusdt@aggTrade","data":{"e":"aggTrade","E":1721723067831,"a":1709025827,"s":"ETHUSDT","p":"3474.60","q":"0.020","f":4229211584,"l":4229211584,"T":1721723067822,"m":true}}
2024-07-23T16:24:27.778844Z info 8026 {"stream":"ethusdt@aggTrade","data":{"e":"aggTrade","E":1721723067850,"a":1709025828,"s":"ETHUSDT","p":"3474.61","q":"0.300","f":4229211585,"l":4229211585,"T":1721723067829,"m":false}}
2024-07-23T16:24:27.778879Z info 8026 {"stream":"ethusdt@aggTrade","data":{"e":"aggTrade","E":1721723067850,"a":1709025829,"s":"ETHUSDT","p":"3474.60","q":"0.015","f":4229211586,"l":4229211586,"T":1721723067848,"m":true}}
2024-07-23T16:24:27.778889Z info 8026 {"stream":"ethusdt@aggTrade","data":{"e":"aggTrade","E":1721723067850,"a":1709025830,"s":"ETHUSDT","p":"3474.56","q":"0.015","f":4229211587,"l":4229211587,"T":1721723067848,"m":true}}
2024-07-23T16:24:27.788424Z info 8026 {"stream":"ethusdt@aggTrade","data":{"e":"aggTrade","E":1721723067860,"a":1709025831,"s":"ETHUSDT","p":"3474.53","q":"0.020","f":4229211588,"l":4229211588,"T":1721723067848,"m":true}}
2024-07-23T16:24:27.894480Z info 8026 {"stream":"ethusdt@aggTrade","data":{"e":"aggTrade","E":1721723067966,"a":1709025832,"s":"ETHUSDT","p":"3474.54","q":"0.636","f":4229211589,"l":4229211590,"T":1721723067857,"m":false}}
2024-07-23T16:24:27.907159Z info 8026 {"stream":"ethusdt@aggTrade","data":{"e":"aggTrade","E":1721723067979,"a":1709025833,"s":"ETHUSDT","p":"3474.54","q":"0.050","f":4229211591,"l":4229211591,"T":1721723067965,"m":false}}
2024-07-23T16:24:27.907195Z info 8026 {"stream":"ethusdt@aggTrade","data":{"e":"aggTrade","E":1721723067979,"a":1709025834,"s":"ETHUSDT","p":"3474.53","q":"0.010","f":4229211592,"l":4229211592,"T":1721723067976,"m":true}}
2024-07-23T16:24:27.915531Z info 8026 {"stream":"ethusdt@aggTrade","data":{"e":"aggTrade","E":1721723067987,"a":1709025835,"s":"ETHUSDT","p":"3474.54","q":"0.076","f":4229211593,"l":4229211593,"T":1721723067978,"m":false}}
2024-07-23T16:24:27.953828Z info 8026 {"stream":"ethusdt@aggTrade","data":{"e":"aggTrade","E":1721723068024,"a":1709025836,"s":"ETHUSDT","p":"3474.53","q":"0.575","f":4229211594,"l":4229211596,"T":1721723067985,"m":true}}
2024-07-23T16:24:27.953867Z info 8026 {"stream":"ethusdt@aggTrade","data":{"e":"aggTrade","E":1721723068024,"a":1709025837,"s":"ETHUSDT","p":"3474.54","q":"9.540","f":4229211597,"l":4229211600,"T":1721723068021,"m":false}}
2024-07-23T16:24:27.953900Z info 8026 {"stream":"ethusdt@aggTrade","data":{"e":"aggTrade","E":1721723068024,"a":1709025838,"s":"ETHUSDT","p":"3474.61","q":"0.305","f":4229211601,"l":4229211602,"T":1721723068022,"m":false}}
2024-07-23T16:24:27.953912Z info 8026 {"stream":"ethusdt@aggTrade","data":{"e":"aggTrade","E":1721723068024,"a":1709025839,"s":"ETHUSDT","p":"3474.78","q":"19.898","f":4229211603,"l":4229211603,"T":1721723068022,"m":false}}
2024-07-23T16:24:27.953933Z info 8026 {"stream":"ethusdt@aggTrade","data":{"e":"aggTrade","E":1721723068024,"a":1709025840,"s":"ETHUSDT","p":"3474.53","q":"1.377","f":4229211604,"l":4229211604,"T":1721723068022,"m":true}}
2024-07-23T16:24:28.039909Z info 8026 {"stream":"ethusdt@aggTrade","data":{"e":"aggTrade","E":1721723068111,"a":1709025841,"s":"ETHUSDT","p":"3474.78","q":"0.321","f":4229211605,"l":4229211610,"T":1721723068022,"m":false}}
2024-07-23T16:24:28.050221Z info 8026 {"stream":"ethusdt@aggTrade","data":{"e":"aggTrade","E":1721723068121,"a":1709025842,"s":"ETHUSDT","p":"3474.77","q":"0.050","f":4229211611,"l":4229211611,"T":1721723068109,"m":true}}
2024-07-23T16:24:28.052013Z info 8026 {"stream":"ethusdt@aggTrade","data":{"e":"aggTrade","E":1721723068124,"a":1709025843,"s":"ETHUSDT","p":"3474.78","q":"0.042","f":4229211612,"l":4229211612,"T":1721723068119,"m":false}}
2024-07-23T16:24:28.059941Z info 8026 {"stream":"ethusdt@aggTrade","data":{"e":"aggTrade","E":1721723068131,"a":1709025844,"s":"ETHUSDT","p":"3474.77","q":"7.718","f":4229211613,"l":4229211615,"T":1721723068123,"m":true}}
2024-07-23T16:24:28.060541Z info 8026 {"stream":"ethusdt@aggTrade","data":{"e":"aggTrade","E":1721723068131,"a":1709025845,"s":"ETHUSDT","p":"3474.78","q":"0.088","f":4229211616,"l":4229211616,"T":1721723068128,"m":false}}
2024-07-23T16:24:28.060578Z info 8026 {"stream":"ethusdt@aggTrade","data":{"e":"aggTrade","E":1721723068131,"a":1709025846,"s":"ETHUSDT","p":"3474.81","q":"0.007","f":4229211617,"l":4229211617,"T":1721723068128,"m":false}}
2024-07-23T16:24:28.060611Z info 8026 {"stream":"ethusdt@aggTrade","data":{"e":"aggTrade","E":1721723068131,"a":1709025847,"s":"ETHUSDT","p":"3474.82","q":"0.146","f":4229211618,"l":4229211619,"T":1721723068128,"m":false}}
2024-07-23T16:24:28.060642Z info 8026 {"stream":"ethusdt@aggTrade","data":{"e":"aggTrade","E":1721723068131,"a":1709025848,"s":"ETHUSDT","p":"3474.83","q":"0.025","f":4229211620,"l":4229211621,"T":1721723068128,"m":false}}
2024-07-23T16:24:28.060649Z info 8026 {"stream":"ethusdt@aggTrade","data":{"e":"aggTrade","E":1721723068131,"a":1709025849,"s":"ETHUSDT","p":"3474.87","q":"0.223","f":4229211622,"l":4229211622,"T":1721723068128,"m":false}}
2024-07-23T16:24:28.060654Z info 8026 {"stream":"ethusdt@aggTrade","data":{"e":"aggTrade","E":1721723068131,"a":1709025850,"s":"ETHUSDT","p":"3474.88","q":"0.200","f":4229211623,"l":4229211623,"T":1721723068128,"m":false}}
2024-07-23T16:24:28.086467Z info 8026 {"stream":"ethusdt@aggTrade","data":{"e":"aggTrade","E":1721723068158,"a":1709025851,"s":"ETHUSDT","p":"3474.91","q":"7.678","f":4229211624,"l":4229211637,"T":1721723068128,"m":false}}
2024-07-23T16:24:28.141316Z info 8026 {"stream":"xrpusdt@aggTrade","data":{"e":"aggTrade","E":1721723068213,"a":431750197,"s":"XRPUSDT","p":"0.5968","q":"147.4","f":1535418906,"l":1535418906,"T":1721723068061,"m":false}}
2024-07-23T16:24:28.161524Z info 8026 {"stream":"ethusdt@aggTrade","data":{"e":"aggTrade","E":1721723068233,"a":1709025852,"s":"ETHUSDT","p":"3475.00","q":"3.770","f":4229211638,"l":4229211648,"T":1721723068156,"m":false}}
2024-07-23T16:24:28.161563Z info 8026 {"stream":"ethusdt@aggTrade","data":{"e":"aggTrade","E":1721723068233,"a":1709025853,"s":"ETHUSDT","p":"3475.02","q":"5.240","f":4229211649,"l":4229211651,"T":1721723068230,"m":false}}
2024-07-23T16:24:28.164835Z info 8026 {"stream":"ethusdt@aggTrade","data":{"e":"aggTrade","E":1721723068235,"a":1709025854,"s":"ETHUSDT","p":"3475.07","q":"0.040","f":4229211652,"l":4229211654,"T":1721723068231,"m":false}}
2024-07-23T16:24:28.164860Z info 8026 {"stream":"ethusdt@aggTrade","data":{"e":"aggTrade","E":1721723068235,"a":1709025855,"s":"ETHUSDT","p":"3475.06","q":"74.488","f":4229211655,"l":4229211684,"T":1721723068232,"m":true}}
2024-07-23T16:24:28.164867Z info 8026 {"stream":"ethusdt@aggTrade","data":{"e":"aggTrade","E":1721723068235,"a":1709025856,"s":"ETHUSDT","p":"3475.04","q":"34.514","f":4229211685,"l":4229211696,"T":1721723068232,"m":true}}
2024-07-23T16:24:28.164873Z info 8026 {"stream":"ethusdt@aggTrade","data":{"e":"aggTrade","E":1721723068235,"a":1709025857,"s":"ETHUSDT","p":"3475.03","q":"8.489","f":4229211697,"l":4229211697,"T":1721723068232,"m":true}}
2024-07-23T16:24:28.164878Z info 8026 {"stream":"ethusdt@aggTrade","data":{"e":"aggTrade","E":1721723068235,"a":1709025858,"s":"ETHUSDT","p":"3475.02","q":"14.223","f":4229211698,"l":4229211698,"T":1721723068232,"m":true}}
2024-07-23T16:24:28.164884Z info 8026 {"stream":"ethusdt@aggTrade","data":{"e":"aggTrade","E":1721723068235,"a":1709025859,"s":"ETHUSDT","p":"3475.01","q":"140.935","f":4229211699,"l":4229211728,"T":1721723068232,"m":true}}
2024-07-23T16:24:28.164890Z info 8026 {"stream":"ethusdt@aggTrade","data":{"e":"aggTrade","E":1721723068235,"a":1709025860,"s":"ETHUSDT","p":"3475.00","q":"1.387","f":4229211729,"l":4229211729,"T":1721723068232,"m":true}}
2024-07-23T16:24:28.164895Z info 8026 {"stream":"ethusdt@aggTrade","data":{"e":"aggTrade","E":1721723068235,"a":1709025861,"s":"ETHUSDT","p":"3474.99","q":"9.494","f":4229211730,"l":4229211739,"T":1721723068232,"m":true}}
2024-07-23T16:24:28.164901Z info 8026 {"stream":"ethusdt@aggTrade","data":{"e":"aggTrade","E":1721723068235,"a":1709025862,"s":"ETHUSDT","p":"3474.91","q":"0.229","f":4229211740,"l":4229211740,"T":1721723068232,"m":true}}
2024-07-23T16:24:28.164906Z info 8026 {"stream":"ethusdt@aggTrade","data":{"e":"aggTrade","E":1721723068235,"a":1709025863,"s":"ETHUSDT","p":"3474.90","q":"2.200","f":4229211741,"l":4229211741,"T":1721723068232,"m":true}}
2024-07-23T16:24:28.164911Z info 8026 {"stream":"ethusdt@aggTrade","data":{"e":"aggTrade","E":1721723068235,"a":1709025864,"s":"ETHUSDT","p":"3474.89","q":"2.822","f":4229211742,"l":4229211742,"T":1721723068232,"m":true}}
2024-07-23T16:24:28.164916Z info 8026 {"stream":"ethusdt@aggTrade","data":{"e":"aggTrade","E":1721723068235,"a":1709025865,"s":"ETHUSDT","p":"3474.88","q":"0.006","f":4229211743,"l":4229211743,"T":1721723068232,"m":true}}
2024-07-23T16:24:28.164921Z info 8026 {"stream":"ethusdt@aggTrade","data":{"e":"aggTrade","E":1721723068235,"a":1709025866,"s":"ETHUSDT","p":"3474.82","q":"0.506","f":4229211744,"l":4229211745,"T":1721723068232,"m":true}}
2024-07-23T16:24:28.164926Z info 8026 {"stream":"ethusdt@aggTrade","data":{"e":"aggTrade","E":1721723068235,"a":1709025867,"s":"ETHUSDT","p":"3474.81","q":"0.006","f":4229211746,"l":4229211746,"T":1721723068232,"m":true}}
2024-07-23T16:24:28.164931Z info 8026 {"stream":"ethusdt@aggTrade","data":{"e":"aggTrade","E":1721723068235,"a":1709025868,"s":"ETHUSDT","p":"3474.80","q":"1.393","f":4229211747,"l":4229211748,"T":1721723068232,"m":true}}
2024-07-23T16:24:28.164936Z info 8026 {"stream":"ethusdt@aggTrade","data":{"e":"aggTrade","E":1721723068235,"a":1709025869,"s":"ETHUSDT","p":"3474.77","q":"0.024","f":4229211749,"l":4229211750,"T":1721723068232,"m":true}}
2024-07-23T16:24:28.164941Z info 8026 {"stream":"ethusdt@aggTrade","data":{"e":"aggTrade","E":1721723068235,"a":1709025870,"s":"ETHUSDT","p":"3474.76","q":"0.072","f":4229211751,"l":4229211751,"T":1721723068232,"m":true}}
2024-07-23T16:24:28.164946Z info 8026 {"stream":"ethusdt@aggTrade","data":{"e":"aggTrade","E":1721723068235,"a":1709025871,"s":"ETHUSDT","p":"3474.75","q":"0.073","f":4229211752,"l":4229211752,"T":1721723068232,"m":true}}
2024-07-23T16:24:28.164951Z info 8026 {"stream":"ethusdt@aggTrade","data":{"e":"aggTrade","E":1721723068235,"a":1709025872,"s":"ETHUSDT","p":"3474.73","q":"2.993","f":4229211753,"l":4229211754,"T":1721723068232,"m":true}}
2024-07-23T16:24:28.164956Z info 8026 {"stream":"ethusdt@aggTrade","data":{"e":"aggTrade","E":1721723068235,"a":1709025873,"s":"ETHUSDT","p":"3474.72","q":"0.060","f":4229211755,"l":4229211755,"T":1721723068232,"m":true}}
2024-07-23T16:24:28.164964Z info 8026 {"stream":"ethusdt@aggTrade","data":{"e":"aggTrade","E":1721723068235,"a":1709025874,"s":"ETHUSDT","p":"3474.70","q":"0.200","f":4229211756,"l":4229211756,"T":1721723068232,"m":true}}
2024-07-23T16:24:28.164968Z info 8026 {"stream":"ethusdt@aggTrade","data":{"e":"aggTrade","E":1721723068235,"a":1709025875,"s":"ETHUSDT","p":"3474.65","q":"3.254","f":4229211757,"l":4229211758,"T":1721723068232,"m":true}}
2024-07-23T16:24:28.164973Z info 8026 {"stream":"ethusdt@aggTrade","data":{"e":"aggTrade","E":1721723068235,"a":1709025876,"s":"ETHUSDT","p":"3474.61","q":"0.050","f":4229211759,"l":4229211759,"T":1721723068232,"m":true}}
2024-07-23T16:24:28.164978Z info 8026 {"stream":"ethusdt@aggTrade","data":{"e":"aggTrade","E":1721723068235,"a":1709025877,"s":"ETHUSDT","p":"3474.60","q":"3.118","f":4229211760,"l":4229211763,"T":1721723068232,"m":true}}
2024-07-23T16:24:28.164986Z info 8026 {"stream":"ethusdt@aggTrade","data":{"e":"aggTrade","E":1721723068235,"a":1709025878,"s":"ETHUSDT","p":"3474.53","q":"1.359","f":4229211764,"l":4229211765,"T":1721723068232,"m":true}}
2024-07-23T16:24:28.164992Z info 8026 {"stream":"ethusdt@aggTrade","data":{"e":"aggTrade","E":1721723068235,"a":1709025879,"s":"ETHUSDT","p":"3474.52","q":"0.021","f":4229211766,"l":4229211767,"T":1721723068232,"m":true}}
2024-07-23T16:24:28.164999Z info 8026 {"stream":"ethusdt@aggTrade","data":{"e":"aggTrade","E":1721723068235,"a":1709025880,"s":"ETHUSDT","p":"3474.51","q":"0.006","f":4229211768,"l":4229211768,"T":1721723068232,"m":true}}
2024-07-23T16:24:28.165005Z info 8026 {"stream":"ethusdt@aggTrade","data":{"e":"aggTrade","E":1721723068235,"a":1709025881,"s":"ETHUSDT","p":"3474.48","q":"0.021","f":4229211769,"l":4229211770,"T":1721723068232,"m":true}}
2024-07-23T16:24:28.165010Z info 8026 {"stream":"ethusdt@aggTrade","data":{"e":"aggTrade","E":1721723068235,"a":1709025882,"s":"ETHUSDT","p":"3474.47","q":"2.076","f":4229211771,"l":4229211774,"T":1721723068232,"m":true}}
2024-07-23T16:24:28.165015Z info 8026 {"stream":"ethusdt@aggTrade","data":{"e":"aggTrade","E":1721723068235,"a":1709025883,"s":"ETHUSDT","p":"3474.44","q":"0.015","f":4229211775,"l":4229211775,"T":1721723068232,"m":true}}
2024-07-23T16:24:28.165020Z info 8026 {"stream":"ethusdt@aggTrade","data":{"e":"aggTrade","E":1721723068235,"a":1709025884,"s":"ETHUSDT","p":"3474.41","q":"0.519","f":4229211776,"l":4229211778,"T":1721723068232,"m":true}}
2024-07-23T16:24:28.165025Z info 8026 {"stream":"ethusdt@aggTrade","data":{"e":"aggTrade","E":1721723068235,"a":1709025885,"s":"ETHUSDT","p":"3474.40","q":"1.402","f":4229211779,"l":4229211780,"T":1721723068232,"m":true}}
2024-07-23T16:24:28.165029Z info 8026 {"stream":"ethusdt@aggTrade","data":{"e":"aggTrade","E":1721723068235,"a":1709025886,"s":"ETHUSDT","p":"3474.36","q":"1.521","f":4229211781,"l":4229211782,"T":1721723068232,"m":true}}
2024-07-23T16:24:28.165034Z info 8026 {"stream":"ethusdt@aggTrade","data":{"e":"aggTrade","E":1721723068236,"a":1709025887,"s":"ETHUSDT","p":"3474.34","q":"0.291","f":4229211783,"l":4229211783,"T":1721723068232,"m":true}}
2024-07-23T16:24:28.166120Z info 8026 {"stream":"ethusdt@aggTrade","data":{"e":"aggTrade","E":1721723068236,"a":1709025888,"s":"ETHUSDT","p":"3474.33","q":"2.877","f":4229211784,"l":4229211784,"T":1721723068232,"m":true}}
2024-07-23T16:24:28.166153Z info 8026 {"stream":"ethusdt@aggTrade","data":{"e":"aggTrade","E":1721723068236,"a":1709025889,"s":"ETHUSDT","p":"3474.32","q":"21.454","f":4229211785,"l":4229211788,"T":1721723068232,"m":true}}
2024-07-23T16:24:28.166176Z info 8026 {"stream":"ethusdt@aggTrade","data":{"e":"aggTrade","E":1721723068236,"a":1709025890,"s":"ETHUSDT","p":"3474.31","q":"4.809","f":4229211789,"l":4229211790,"T":1721723068232,"m":true}}
2024-07-23T16:24:28.166198Z info 8026 {"stream":"ethusdt@aggTrade","data":{"e":"aggTrade","E":1721723068236,"a":1709025891,"s":"ETHUSDT","p":"3474.30","q":"8.780","f":4229211791,"l":4229211798,"T":1721723068232,"m":true}}
2024-07-23T16:24:28.166204Z info 8026 {"stream":"ethusdt@aggTrade","data":{"e":"aggTrade","E":1721723068236,"a":1709025892,"s":"ETHUSDT","p":"3474.29","q":"6.520","f":4229211799,"l":4229211800,"T":1721723068232,"m":true}}
2024-07-23T16:24:28.166209Z info 8026 {"stream":"ethusdt@aggTrade","data":{"e":"aggTrade","E":1721723068236,"a":1709025893,"s":"ETHUSDT","p":"3474.28","q":"2.279","f":4229211801,"l":4229211802,"T":1721723068232,"m":true}}
2024-07-23T16:24:28.166215Z info 8026 {"stream":"ethusdt@aggTrade","data":{"e":"aggTrade","E":1721723068236,"a":1709025894,"s":"ETHUSDT","p":"3474.27","q":"5.206","f":4229211803,"l":4229211804,"T":1721723068232,"m":true}}
2024-07-23T16:24:28.166220Z info 8026 {"stream":"ethusdt@aggTrade","data":{"e":"aggTrade","E":1721723068236,"a":1709025895,"s":"ETHUSDT","p":"3474.26","q":"7.871","f":4229211805,"l":4229211808,"T":1721723068232,"m":true}}
2024-07-23T16:24:28.166225Z info 8026 {"stream":"ethusdt@aggTrade","data":{"e":"aggTrade","E":1721723068236,"a":1709025896,"s":"ETHUSDT","p":"3474.25","q":"7.794","f":4229211809,"l":4229211812,"T":1721723068232,"m":true}}
2024-07-23T16:24:28.166230Z info 8026 {"stream":"ethusdt@aggTrade","data":{"e":"aggTrade","E":1721723068236,"a":1709025897,"s":"ETHUSDT","p":"3474.24","q":"0.015","f":4229211813,"l":4229211813,"T":1721723068232,"m":true}}
2024-07-23T16:24:28.166235Z info 8026 {"stream":"ethusdt@aggTrade","data":{"e":"aggTrade","E":1721723068236,"a":1709025898,"s":"ETHUSDT","p":"3474.23","q":"0.007","f":4229211814,"l":4229211814,"T":1721723068232,"m":true}}
2024-07-23T16:24:28.166240Z info 8026 {"stream":"ethusdt@aggTrade","data":{"e":"aggTrade","E":1721723068236,"a":1709025899,"s":"ETHUSDT","p":"3474.22","q":"11.493","f":4229211815,"l":4229211817,"T":1721723068232,"m":true}}
2024-07-23T16:24:28.166245Z info 8026 {"stream":"ethusdt@aggTrade","data":{"e":"aggTrade","E":1721723068236,"a":1709025900,"s":"ETHUSDT","p":"3474.21","q":"5.769","f":4229211818,"l":4229211819,"T":1721723068232,"m":true}}
2024-07-23T16:24:28.166262Z info 8026 {"stream":"ethusdt@aggTrade","data":{"e":"aggTrade","E":1721723068236,"a":1709025901,"s":"ETHUSDT","p":"3474.20","q":"1.402","f":4229211820,"l":4229211821,"T":1721723068232,"m":true}}
2024-07-23T16:24:28.166284Z info 8026 {"stream":"ethusdt@aggTrade","data":{"e":"aggTrade","E":1721723068236,"a":1709025902,"s":"ETHUSDT","p":"3474.19","q":"3.741","f":4229211822,"l":4229211824,"T":1721723068232,"m":true}}
2024-07-23T16:24:28.166291Z info 8026 {"stream":"ethusdt@aggTrade","data":{"e":"aggTrade","E":1721723068236,"a":1709025903,"s":"ETHUSDT","p":"3474.18","q":"0.009","f":4229211825,"l":4229211825,"T":1721723068232,"m":true}}
2024-07-23T16:24:28.166297Z info 8026 {"stream":"ethusdt@aggTrade","data":{"e":"aggTrade","E":1721723068236,"a":1709025904,"s":"ETHUSDT","p":"3474.17","q":"1.445","f":4229211826,"l":4229211827,"T":1721723068232,"m":true}}
2024-07-23T16:24:28.166303Z info 8026 {"stream":"ethusdt@aggTrade","data":{"e":"aggTrade","E":1721723068236,"a":1709025905,"s":"ETHUSDT","p":"3474.16","q":"0.762","f":4229211828,"l":4229211830,"T":1721723068232,"m":true}}
2024-07-23T16:24:28.166323Z info 8026 {"stream":"ethusdt@aggTrade","data":{"e":"aggTrade","E":1721723068236,"a":1709025906,"s":"ETHUSDT","p":"3474.24","q":"3.600","f":4229211831,"l":4229211831,"T":1721723068233,"m":false}}
2024-07-23T16:24:28.166332Z info 8026 {"stream":"ethusdt@aggTrade","data":{"e":"aggTrade","E":1721723068236,"a":1709025907,"s":"ETHUSDT","p":"3474.25","q":"3.600","f":4229211832,"l":4229211832,"T":1721723068233,"m":false}}
2024-07-23T16:24:28.166337Z info 8026 {"stream":"ethusdt@aggTrade","data":{"e":"aggTrade","E":1721723068237,"a":1709025908,"s":"ETHUSDT","p":"3474.26","q":"1.382","f":4229211833,"l":4229211833,"T":1721723068233,"m":false}}
2024-07-23T16:24:28.166342Z info 8026 {"stream":"ethusdt@aggTrade","data":{"e":"aggTrade","E":1721723068237,"a":1709025909,"s":"ETHUSDT","p":"3474.23","q":"0.284","f":4229211834,"l":4229211834,"T":1721723068234,"m":true}}
2024-07-23T16:24:28.166348Z info 8026 {"stream":"ethusdt@aggTrade","data":{"e":"aggTrade","E":1721723068237,"a":1709025910,"s":"ETHUSDT","p":"3474.16","q":"11.859","f":4229211835,"l":4229211840,"T":1721723068234,"m":true}}
2024-07-23T16:24:28.166352Z info 8026 {"stream":"ethusdt@aggTrade","data":{"e":"aggTrade","E":1721723068237,"a":1709025911,"s":"ETHUSDT","p":"3474.14","q":"0.807","f":4229211841,"l":4229211841,"T":1721723068234,"m":true}}
2024-07-23T16:24:28.166358Z info 8026 {"stream":"ethusdt@aggTrade","data":{"e":"aggTrade","E":1721723068237,"a":1709025912,"s":"ETHUSDT","p":"3474.13","q":"0.588","f":4229211842,"l":4229211843,"T":1721723068234,"m":true}}
2024-07-23T16:24:28.166363Z info 8026 {"stream":"ethusdt@aggTrade","data":{"e":"aggTrade","E":1721723068237,"a":1709025913,"s":"ETHUSDT","p":"3474.12","q":"1.306","f":4229211844,"l":4229211848,"T":1721723068234,"m":true}}
2024-07-23T16:24:28.166443Z info 8026 {"stream":"ethusdt@aggTrade","data":{"e":"aggTrade","E":1721723068237,"a":1709025914,"s":"ETHUSDT","p":"3474.09","q":"0.576","f":4229211849,"l":4229211849,"T":1721723068234,"m":true}}
2024-07-23T16:24:28.166453Z info 8026 {"stream":"ethusdt@aggTrade","data":{"e":"aggTrade","E":1721723068237,"a":1709025915,"s":"ETHUSDT","p":"3474.08","q":"0.015","f":4229211850,"l":4229211850,"T":1721723068234,"m":true}}
2024-07-23T16:24:28.166459Z info 8026 {"stream":"ethusdt@aggTrade","data":{"e":"aggTrade","E":1721723068237,"a":1709025916,"s":"ETHUSDT","p":"3474.07","q":"8.633","f":4229211851,"l":4229211852,"T":1721723068234,"m":true}}
2024-07-23T16:24:28.166464Z info 8026 {"stream":"ethusdt@aggTrade","data":{"e":"aggTrade","E":1721723068237,"a":1709025917,"s":"ETHUSDT","p":"3474.06","q":"2.822","f":4229211853,"l":4229211853,"T":1721723068234,"m":true}}
2024-07-23T16:24:28.166470Z info 8026 {"stream":"ethusdt@aggTrade","data":{"e":"aggTrade","E":1721723068237,"a":1709025918,"s":"ETHUSDT","p":"3474.05","q":"0.087","f":4229211854,"l":4229211854,"T":1721723068234,"m":true}}
2024-07-23T16:24:28.166475Z info 8026 {"stream":"ethusdt@aggTrade","data":{"e":"aggTrade","E":1721723068237,"a":1709025919,"s":"ETHUSDT","p":"3474.04","q":"0.972","f":4229211855,"l":4229211856,"T":1721723068234,"m":true}}
2024-07-23T16:24:28.166480Z info 8026 {"stream":"ethusdt@aggTrade","data":{"e":"aggTrade","E":1721723068237,"a":1709025920,"s":"ETHUSDT","p":"3474.03","q":"4.800","f":4229211857,"l":4229211857,"T":1721723068234,"m":true}}
2024-07-23T16:24:28.166486Z info 8026 {"stream":"ethusdt@aggTrade","data":{"e":"aggTrade","E":1721723068237,"a":1709025921,"s":"ETHUSDT","p":"3474.02","q":"10.142","f":4229211858,"l":4229211861,"T":1721723068234,"m":true}}
2024-07-23T16:24:28.171767Z info 8026 {"stream":"ethusdt@aggTrade","data":{"e":"aggTrade","E":1721723068242,"a":1709025922,"s":"ETHUSDT","p":"3474.01","q":"0.049","f":4229211862,"l":4229211862,"T":1721723068234,"m":true}}
2024-07-23T16:24:28.194223Z info 8026 {"stream":"ethusdt@aggTrade","data":{"e":"aggTrade","E":1721723068265,"a":1709025923,"s":"ETHUSDT","p":"3474.60","q":"0.060","f":4229211863,"l":4229211863,"T":1721723068240,"m":false}}
2024-07-23T16:24:28.198122Z info 8026 {"stream":"ethusdt@aggTrade","data":{"e":"aggTrade","E":1721723068270,"a":1709025924,"s":"ETHUSDT","p":"3474.50","q":"0.081","f":4229211864,"l":4229211865,"T":1721723068262,"m":false}}
2024-07-23T16:24:28.207309Z info 8026 {"stream":"ethusdt@aggTrade","data":{"e":"aggTrade","E":1721723068278,"a":1709025925,"s":"ETHUSDT","p":"3474.49","q":"0.012","f":4229211866,"l":4229211867,"T":1721723068268,"m":true}}
2024-07-23T16:24:28.213599Z info 8026 {"stream":"ethusdt@aggTrade","data":{"e":"aggTrade","E":1721723068285,"a":1709025926,"s":"ETHUSDT","p":"3474.50","q":"0.711","f":4229211868,"l":4229211869,"T":1721723068276,"m":false}}
2024-07-23T16:24:28.213634Z info 8026 {"stream":"ethusdt@aggTrade","data":{"e":"aggTrade","E":1721723068285,"a":1709025927,"s":"ETHUSDT","p":"3474.54","q":"0.150","f":4229211870,"l":4229211870,"T":1721723068282,"m":false}}
2024-07-23T16:24:28.219491Z info 8026 {"stream":"ethusdt@aggTrade","data":{"e":"aggTrade","E":1721723068290,"a":1709025928,"s":"ETHUSDT","p":"3474.59","q":"0.027","f":4229211871,"l":4229211872,"T":1721723068282,"m":false}}
2024-07-23T16:24:28.332498Z info 8026 {"stream":"ethusdt@aggTrade","data":{"e":"aggTrade","E":1721723068404,"a":1709025929,"s":"ETHUSDT","p":"3474.65","q":"1.629","f":4229211873,"l":4229211882,"T":1721723068288,"m":false}}
2024-07-23T16:24:28.334393Z info 8026 {"stream":"ethusdt@aggTrade","data":{"e":"aggTrade","E":1721723068405,"a":1709025930,"s":"ETHUSDT","p":"3474.65","q":"0.007","f":4229211883,"l":4229211883,"T":1721723068403,"m":false}}
2024-07-23T16:24:28.334436Z info 8026 {"stream":"ethusdt@aggTrade","data":{"e":"aggTrade","E":1721723068406,"a":1709025931,"s":"ETHUSDT","p":"3474.64","q":"6.261","f":4229211884,"l":4229211887,"T":1721723068404,"m":true}}
2024-07-23T16:24:28.335295Z info 8026 {"stream":"ethusdt@aggTrade","data":{"e":"aggTrade","E":1721723068406,"a":1709025932,"s":"ETHUSDT","p":"3474.62","q":"0.006","f":4229211888,"l":4229211888,"T":1721723068404,"m":true}}
2024-07-23T16:24:28.338965Z info 8026 {"stream":"ethusdt@aggTrade","data":{"e":"aggTrade","E":1721723068410,"a":1709025933,"s":"ETHUSDT","p":"3474.57","q":"0.100","f":4229211889,"l":4229211891,"T":1721723068404,"m":true}}
2024-07-23T16:24:28.396637Z info 8026 {"stream":"ethusdt@aggTrade","data":{"e":"aggTrade","E":1721723068468,"a":1709025934,"s":"ETHUSDT","p":"3474.49","q":"1.537","f":4229211892,"l":4229211925,"T":1721723068408,"m":true}}
2024-07-23T16:24:28.396675Z info 8026 {"stream":"ethusdt@aggTrade","data":{"e":"aggTrade","E":1721723068468,"a":1709025935,"s":"ETHUSDT","p":"3474.40","q":"0.012","f":4229211926,"l":4229211926,"T":1721723068466,"m":true}}
2024-07-23T16:24:28.406846Z info 8026 {"stream":"ethusdt@aggTrade","data":{"e":"aggTrade","E":1721723068478,"a":1709025936,"s":"ETHUSDT","p":"3474.27","q":"10.040","f":4229211927,"l":4229211933,"T":1721723068466,"m":true}}
2024-07-23T16:24:28.414223Z info 8026 {"stream":"ethusdt@aggTrade","data":{"e":"aggTrade","E":1721723068485,"a":1709025937,"s":"ETHUSDT","p":"3474.14","q":"0.164","f":4229211934,"l":4229211938,"T":1721723068475,"m":true}}
2024-07-23T16:24:28.414260Z info 8026 {"stream":"ethusdt@aggTrade","data":{"e":"aggTrade","E":1721723068485,"a":1709025938,"s":"ETHUSDT","p":"3474.07","q":"4.231","f":4229211939,"l":4229211942,"T":1721723068482,"m":true}}
2024-07-23T16:24:28.416703Z info 8026 {"stream":"ethusdt@aggTrade","data":{"e":"aggTrade","E":1721723068488,"a":1709025939,"s":"ETHUSDT","p":"3474.02","q":"8.408","f":4229211943,"l":4229211945,"T":1721723068482,"m":true}}
2024-07-23T16:24:28.416737Z info 8026 {"stream":"ethusdt@aggTrade","data":{"e":"aggTrade","E":1721723068488,"a":1709025940,"s":"ETHUSDT","p":"3474.01","q":"0.014","f":4229211946,"l":4229211946,"T":1721723068485,"m":true}}
2024-07-23T16:24:28.419413Z info 8026 {"stream":"ethusdt@aggTrade","data":{"e":"aggTrade","E":1721723068490,"a":1709025941,"s":"ETHUSDT","p":"3474.00","q":"0.015","f":4229211947,"l":4229211947,"T":1721723068485,"m":true}}
2024-07-23T16:24:28.419446Z info 8026 {"stream":"ethusdt@aggTrade","data":{"e":"aggTrade","E":1721723068490,"a":1709025942,"s":"ETHUSDT","p":"3473.98","q":"0.042","f":4229211948,"l":4229211949,"T":1721723068487,"m":true}}
2024-07-23T16:24:28.419478Z info 8026 {"stream":"ethusdt@aggTrade","data":{"e":"aggTrade","E":1721723068490,"a":1709025943,"s":"ETHUSDT","p":"3473.96","q":"0.015","f":4229211950,"l":4229211950,"T":1721723068487,"m":true}}
2024-07-23T16:24:28.419510Z info 8026 {"stream":"ethusdt@aggTrade","data":{"e":"aggTrade","E":1721723068490,"a":1709025944,"s":"ETHUSDT","p":"3473.95","q":"3.176","f":4229211951,"l":4229211952,"T":1721723068487,"m":true}}
2024-07-23T16:24:28.419543Z info 8026 {"stream":"ethusdt@aggTrade","data":{"e":"aggTrade","E":1721723068490,"a":1709025945,"s":"ETHUSDT","p":"3473.94","q":"0.009","f":4229211953,"l":4229211953,"T":1721723068487,"m":true}}
2024-07-23T16:24:28.419575Z info 8026 {"stream":"ethusdt@aggTrade","data":{"e":"aggTrade","E":1721723068490,"a":1709025946,"s":"ETHUSDT","p":"3473.93","q":"2.119","f":4229211954,"l":4229211956,"T":1721723068487,"m":true}}
2024-07-23T16:24:28.419607Z info 8026 {"stream":"ethusdt@aggTrade","data":{"e":"aggTrade","E":1721723068491,"a":1709025947,"s":"ETHUSDT","p":"3473.92","q":"1.461","f":4229211957,"l":4229211959,"T":1721723068487,"m":true}}
2024-07-23T16:24:28.437661Z info 8026 {"stream":"ethusdt@aggTrade","data":{"e":"aggTrade","E":1721723068507,"a":1709025948,"s":"ETHUSDT","p":"3473.94","q":"0.576","f":4229211960,"l":4229211960,"T":1721723068488,"m":false}}
2024-07-23T16:24:28.437698Z info 8026 {"stream":"ethusdt@aggTrade","data":{"e":"aggTrade","E":1721723068507,"a":1709025949,"s":"ETHUSDT","p":"3473.89","q":"0.287","f":4229211961,"l":4229211961,"T":1721723068505,"m":false}}
2024-07-23T16:24:28.443717Z info 8026 {"stream":"ethusdt@aggTrade","data":{"e":"aggTrade","E":1721723068516,"a":1709025950,"s":"ETHUSDT","p":"3473.88","q":"0.015","f":4229211962,"l":4229211963,"T":1721723068505,"m":true}}
2024-07-23T16:24:28.447660Z info 8026 {"stream":"ethusdt@aggTrade","data":{"e":"aggTrade","E":1721723068520,"a":1709025951,"s":"ETHUSDT","p":"3473.85","q":"0.604","f":4229211964,"l":4229211968,"T":1721723068514,"m":true}}
2024-07-23T16:24:28.448828Z info 8026 {"stream":"ethusdt@aggTrade","data":{"e":"aggTrade","E":1721723068520,"a":1709025952,"s":"ETHUSDT","p":"3473.86","q":"0.273","f":4229211969,"l":4229211969,"T":1721723068517,"m":false}}
2024-07-23T16:24:28.452623Z info 8026 {"stream":"ethusdt@aggTrade","data":{"e":"aggTrade","E":1721723068525,"a":1709025953,"s":"ETHUSDT","p":"3473.85","q":"5.899","f":4229211970,"l":4229211970,"T":1721723068518,"m":true}}
2024-07-23T16:24:28.496341Z info 8026 {"stream":"ethusdt@aggTrade","data":{"e":"aggTrade","E":1721723068567,"a":1709025954,"s":"ETHUSDT","p":"3473.86","q":"0.630","f":4229211971,"l":4229211971,"T":1721723068523,"m":false}}
2024-07-23T16:24:28.646716Z info 8026 {"stream":"ethusdt@aggTrade","data":{"e":"aggTrade","E":1721723068718,"a":1709025955,"s":"ETHUSDT","p":"3473.85","q":"0.472","f":4229211972,"l":4229211973,"T":1721723068565,"m":true}}
2024-07-23T16:24:28.798581Z info 8026 {"stream":"xrpusdt@aggTrade","data":{"e":"aggTrade","E":1721723068870,"a":431750198,"s":"XRPUSDT","p":"0.5968","q":"321.9","f":1535418907,"l":1535418908,"T":1721723068717,"m":false}}
2024-07-23T16:24:28.875413Z info 8026 {"stream":"ethusdt@aggTrade","data":{"e":"aggTrade","E":1721723068947,"a":1709025956,"s":"ETHUSDT","p":"3473.86","q":"1.449","f":4229211974,"l":4229211976,"T":1721723068832,"m":false}}
2024-07-23T16:24:28.903883Z info 8026 {"stream":"ethusdt@aggTrade","data":{"e":"aggTrade","E":1721723068976,"a":1709025957,"s":"ETHUSDT","p":"3473.86","q":"0.308","f":4229211977,"l":4229211978,"T":1721723068945,"m":false}}
2024-07-23T16:24:29.034691Z info 8026 {"stream":"ethusdt@aggTrade","data":{"e":"aggTrade","E":1721723069106,"a":1709025958,"s":"ETHUSDT","p":"3473.85","q":"0.576","f":4229211979,"l":4229211982,"T":1721723068974,"m":true}}
2024-07-23T16:24:29.061352Z info 8026 {"stream":"ethusdt@aggTrade","data":{"e":"aggTrade","E":1721723069132,"a":1709025959,"s":"ETHUSDT","p":"3473.85","q":"0.346","f":4229211983,"l":4229211984,"T":1721723069105,"m":true}}
2024-07-23T16:24:29.086336Z info 8026 {"stream":"ethusdt@aggTrade","data":{"e":"aggTrade","E":1721723069157,"a":1709025960,"s":"ETHUSDT","p":"3473.86","q":"4.454","f":4229211985,"l":4229211993,"T":1721723069131,"m":false}}
2024-07-23T16:24:29.094073Z info 8026 {"stream":"ethusdt@aggTrade","data":{"e":"aggTrade","E":1721723069165,"a":1709025961,"s":"ETHUSDT","p":"3473.85","q":"1.440","f":4229211994,"l":4229211995,"T":1721723069156,"m":true}}
2024-07-23T16:24:29.104388Z info 8026 {"stream":"ethusdt@aggTrade","data":{"e":"aggTrade","E":1721723069177,"a":1709025962,"s":"ETHUSDT","p":"3473.86","q":"6.338","f":4229211996,"l":4229212004,"T":1721723069163,"m":false}}
2024-07-23T16:24:29.105606Z info 8026 {"stream":"ethusdt@aggTrade","data":{"e":"aggTrade","E":1721723069177,"a":1709025963,"s":"ETHUSDT","p":"3473.87","q":"4.206","f":4229212005,"l":4229212007,"T":1721723069175,"m":false}}
2024-07-23T16:24:29.105641Z info 8026 {"stream":"ethusdt@aggTrade","data":{"e":"aggTrade","E":1721723069177,"a":1709025964,"s":"ETHUSDT","p":"3473.88","q":"0.006","f":4229212008,"l":4229212008,"T":1721723069175,"m":false}}
2024-07-23T16:24:29.127988Z info 8026 {"stream":"ethusdt@aggTrade","data":{"e":"aggTrade","E":1721723069199,"a":1709025965,"s":"ETHUSDT","p":"3473.89","q":"6.894","f":4229212009,"l":4229212014,"T":1721723069175,"m":false}}
2024-07-23T16:24:29.128020Z info 8026 {"stream":"ethusdt@aggTrade","data":{"e":"aggTrade","E":1721723069199,"a":1709025966,"s":"ETHUSDT","p":"3473.90","q":"0.006","f":4229212015,"l":4229212015,"T":1721723069197,"m":false}}
2024-07-23T16:24:29.128052Z info 8026 {"stream":"ethusdt@aggTrade","data":{"e":"aggTrade","E":1721723069199,"a":1709025967,"s":"ETHUSDT","p":"3473.91","q":"0.006","f":4229212016,"l":4229212016,"T":1721723069197,"m":false}}
2024-07-23T16:24:29.128089Z info 8026 {"stream":"ethusdt@aggTrade","data":{"e":"aggTrade","E":1721723069199,"a":1709025968,"s":"ETHUSDT","p":"3474.05","q":"0.006","f":4229212017,"l":4229212017,"T":1721723069197,"m":false}}
2024-07-23T16:24:29.128122Z info 8026 {"stream":"ethusdt@aggTrade","data":{"e":"aggTrade","E":1721723069199,"a":1709025969,"s":"ETHUSDT","p":"3474.07","q":"0.007","f":4229212018,"l":4229212018,"T":1721723069197,"m":false}}
2024-07-23T16:24:29.128155Z info 8026 {"stream":"ethusdt@aggTrade","data":{"e":"aggTrade","E":1721723069199,"a":1709025970,"s":"ETHUSDT","p":"3474.14","q":"0.006","f":4229212019,"l":4229212019,"T":1721723069197,"m":false}}
2024-07-23T16:24:29.130013Z info 8026 {"stream":"ethusdt@aggTrade","data":{"e":"aggTrade","E":1721723069201,"a":1709025971,"s":"ETHUSDT","p":"3474.15","q":"0.029","f":4229212020,"l":4229212021,"T":1721723069197,"m":false}}
2024-07-23T16:24:29.131320Z info 8026 {"stream":"ethusdt@aggTrade","data":{"e":"aggTrade","E":1721723069202,"a":1709025972,"s":"ETHUSDT","p":"3474.19","q":"0.115","f":4229212022,"l":4229212022,"T":1721723069200,"m":false}}
2024-07-23T16:24:29.131352Z info 8026 {"stream":"ethusdt@aggTrade","data":{"e":"aggTrade","E":1721723069202,"a":1709025973,"s":"ETHUSDT","p":"3474.21","q":"0.006","f":4229212023,"l":4229212023,"T":1721723069201,"m":false}}
2024-07-23T16:24:29.131385Z info 8026 {"stream":"ethusdt@aggTrade","data":{"e":"aggTrade","E":1721723069202,"a":1709025974,"s":"ETHUSDT","p":"3474.23","q":"0.006","f":4229212024,"l":4229212024,"T":1721723069201,"m":false}}
2024-07-23T16:24:29.131417Z info 8026 {"stream":"ethusdt@aggTrade","data":{"e":"aggTrade","E":1721723069202,"a":1709025975,"s":"ETHUSDT","p":"3474.32","q":"0.087","f":4229212025,"l":4229212026,"T":1721723069201,"m":false}}
2024-07-23T16:24:29.134604Z info 8026 {"stream":"ethusdt@aggTrade","data":{"e":"aggTrade","E":1721723069207,"a":1709025976,"s":"ETHUSDT","p":"3474.33","q":"0.026","f":4229212027,"l":4229212028,"T":1721723069201,"m":false}}
2024-07-23T16:24:29.134635Z info 8026 {"stream":"ethusdt@aggTrade","data":{"e":"aggTrade","E":1721723069207,"a":1709025977,"s":"ETHUSDT","p":"3474.38","q":"0.006","f":4229212029,"l":4229212029,"T":1721723069204,"m":false}}
2024-07-23T16:24:29.135438Z info 8026 {"stream":"ethusdt@aggTrade","data":{"e":"aggTrade","E":1721723069207,"a":1709025978,"s":"ETHUSDT","p":"3474.39","q":"0.009","f":4229212030,"l":4229212030,"T":1721723069204,"m":false}}
2024-07-23T16:24:29.186354Z info 8026 {"stream":"ethusdt@aggTrade","data":{"e":"aggTrade","E":1721723069258,"a":1709025979,"s":"ETHUSDT","p":"3474.40","q":"0.020","f":4229212031,"l":4229212031,"T":1721723069204,"m":false}}
2024-07-23T16:24:29.246509Z info 8026 {"stream":"ethusdt@aggTrade","data":{"e":"aggTrade","E":1721723069317,"a":1709025980,"s":"ETHUSDT","p":"3474.39","q":"0.575","f":4229212032,"l":4229212032,"T":1721723069255,"m":true}}
2024-07-23T16:24:29.263465Z info 8026 {"stream":"xrpusdt@aggTrade","data":{"e":"aggTrade","E":1721723069335,"a":431750199,"s":"XRPUSDT","p":"0.5967","q":"68.9","f":1535418909,"l":1535418909,"T":1721723069182,"m":true}}
2024-07-23T16:24:29.320341Z info 8026 {"stream":"ethusdt@aggTrade","data":{"e":"aggTrade","E":1721723069391,"a":1709025981,"s":"ETHUSDT","p":"3474.40","q":"0.184","f":4229212033,"l":4229212033,"T":1721723069315,"m":false}}
2024-07-23T16:24:29.323502Z info 8026 {"stream":"ethusdt@aggTrade","data":{"e":"aggTrade","E":1721723069394,"a":1709025982,"s":"ETHUSDT","p":"3474.39","q":"1.872","f":4229212034,"l":4229212039,"T":1721723069389,"m":true}}
2024-07-23T16:24:29.323540Z info 8026 {"stream":"ethusdt@aggTrade","data":{"e":"aggTrade","E":1721723069394,"a":1709025983,"s":"ETHUSDT","p":"3474.22","q":"0.181","f":4229212040,"l":4229212041,"T":1721723069392,"m":true}}
2024-07-23T16:24:29.354167Z info 8026 {"stream":"ethusdt@aggTrade","data":{"e":"aggTrade","E":1721723069426,"a":1709025984,"s":"ETHUSDT","p":"3474.18","q":"0.010","f":4229212042,"l":4229212042,"T":1721723069392,"m":true}}
2024-07-23T16:24:29.382212Z info 8026 {"stream":"ethusdt@aggTrade","data":{"e":"aggTrade","E":1721723069453,"a":1709025985,"s":"ETHUSDT","p":"3474.19","q":"0.048","f":4229212043,"l":4229212043,"T":1721723069424,"m":false}}
2024-07-23T16:24:29.382249Z info 8026 {"stream":"ethusdt@aggTrade","data":{"e":"aggTrade","E":1721723069453,"a":1709025986,"s":"ETHUSDT","p":"3474.18","q":"0.442","f":4229212044,"l":4229212044,"T":1721723069451,"m":true}}
2024-07-23T16:24:29.496107Z info 8026 {"stream":"ethusdt@aggTrade","data":{"e":"aggTrade","E":1721723069567,"a":1709025987,"s":"ETHUSDT","p":"3474.19","q":"0.898","f":4229212045,"l":4229212048,"T":1721723069451,"m":false}}
2024-07-23T16:24:29.571230Z info 8026 {"stream":"ethusdt@aggTrade","data":{"e":"aggTrade","E":1721723069642,"a":1709025988,"s":"ETHUSDT","p":"3474.18","q":"0.575","f":4229212049,"l":4229212049,"T":1721723069566,"m":true}}
2024-07-23T16:24:29.691737Z info 8026 {"stream":"ethusdt@aggTrade","data":{"e":"aggTrade","E":1721723069764,"a":1709025989,"s":"ETHUSDT","p":"3474.19","q":"0.621","f":4229212050,"l":4229212051,"T":1721723069640,"m":false}}
2024-07-23T16:24:29.765021Z info 8026 {"stream":"ethusdt@aggTrade","data":{"e":"aggTrade","E":1721723069836,"a":1709025990,"s":"ETHUSDT","p":"3474.19","q":"0.575","f":4229212052,"l":4229212052,"T":1721723069763,"m":false}}
2024-07-23T16:24:29.806672Z info 8026 {"stream":"ethusdt@aggTrade","data":{"e":"aggTrade","E":1721723069877,"a":1709025991,"s":"ETHUSDT","p":"3474.18","q":"0.853","f":4229212053,"l":4229212054,"T":1721723069834,"m":true}}
2024-07-23T16:24:29.841901Z info 8026 {"stream":"ethusdt@aggTrade","data":{"e":"aggTrade","E":1721723069913,"a":1709025992,"s":"ETHUSDT","p":"3474.19","q":"0.321","f":4229212055,"l":4229212055,"T":1721723069875,"m":false}}
2024-07-23T16:24:29.873234Z info 8026 {"stream":"ethusdt@aggTrade","data":{"e":"aggTrade","E":1721723069944,"a":1709025993,"s":"ETHUSDT","p":"3474.18","q":"0.013","f":4229212056,"l":4229212056,"T":1721723069911,"m":true}}
2024-07-23T16:24:29.939098Z info 8026 {"stream":"ethusdt@aggTrade","data":{"e":"aggTrade","E":1721723070010,"a":1709025994,"s":"ETHUSDT","p":"3474.19","q":"0.324","f":4229212057,"l":4229212058,"T":1721723069942,"m":false}}
2024-07-23T16:24:30.053667Z info 8026 {"stream":"ethusdt@aggTrade","data":{"e":"aggTrade","E":1721723070124,"a":1709025995,"s":"ETHUSDT","p":"3474.18","q":"5.255","f":4229212059,"l":4229212063,"T":1721723070009,"m":true}}
2024-07-23T16:24:30.053702Z info 8026 {"stream":"ethusdt@aggTrade","data":{"e":"aggTrade","E":1721723070124,"a":1709025996,"s":"ETHUSDT","p":"3474.18","q":"21.448","f":4229212064,"l":4229212082,"T":1721723070122,"m":true}}
2024-07-23T16:24:30.053709Z info 8026 {"stream":"ethusdt@aggTrade","data":{"e":"aggTrade","E":1721723070124,"a":1709025997,"s":"ETHUSDT","p":"3474.17","q":"0.012","f":4229212083,"l":4229212083,"T":1721723070122,"m":true}}
2024-07-23T16:24:30.053744Z info 8026 {"stream":"ethusdt@aggTrade","data":{"e":"aggTrade","E":1721723070125,"a":1709025998,"s":"ETHUSDT","p":"3474.02","q":"0.006","f":4229212084,"l":4229212084,"T":1721723070122,"m":true}}
2024-07-23T16:24:30.053774Z info 8026 {"stream":"ethusdt@aggTrade","data":{"e":"aggTrade","E":1721723070125,"a":1709025999,"s":"ETHUSDT","p":"3473.99","q":"0.006","f":4229212085,"l":4229212085,"T":1721723070122,"m":true}}
2024-07-23T16:24:30.056349Z info 8026 {"stream":"ethusdt@aggTrade","data":{"e":"aggTrade","E":1721723070127,"a":1709026000,"s":"ETHUSDT","p":"3473.97","q":"0.022","f":4229212086,"l":4229212088,"T":1721723070122,"m":true}}
2024-07-23T16:24:30.088370Z info 8026 {"stream":"ethusdt@aggTrade","data":{"e":"aggTrade","E":1721723070159,"a":1709026001,"s":"ETHUSDT","p":"3473.90","q":"0.006","f":4229212089,"l":4229212089,"T":1721723070126,"m":true}}
2024-07-23T16:24:30.102984Z info 8026 {"stream":"ethusdt@aggTrade","data":{"e":"aggTrade","E":1721723070174,"a":1709026002,"s":"ETHUSDT","p":"3473.90","q":"30.086","f":4229212090,"l":4229212098,"T":1721723070157,"m":false}}
2024-07-23T16:24:30.126296Z info 8026 {"stream":"ethusdt@aggTrade","data":{"e":"aggTrade","E":1721723070197,"a":1709026003,"s":"ETHUSDT","p":"3473.89","q":"1.986","f":4229212099,"l":4229212099,"T":1721723070172,"m":true}}
2024-07-23T16:24:30.169238Z info 8026 {"stream":"ethusdt@aggTrade","data":{"e":"aggTrade","E":1721723070240,"a":1709026004,"s":"ETHUSDT","p":"3473.90","q":"56.159","f":4229212100,"l":4229212117,"T":1721723070195,"m":false}}
2024-07-23T16:24:30.169275Z info 8026 {"stream":"ethusdt@aggTrade","data":{"e":"aggTrade","E":1721723070241,"a":1709026005,"s":"ETHUSDT","p":"3473.91","q":"5.912","f":4229212118,"l":4229212121,"T":1721723070239,"m":false}}
2024-07-23T16:24:30.170452Z info 8026 {"stream":"ethusdt@aggTrade","data":{"e":"aggTrade","E":1721723070241,"a":1709026006,"s":"ETHUSDT","p":"3473.93","q":"0.006","f":4229212122,"l":4229212122,"T":1721723070239,"m":false}}
2024-07-23T16:24:30.170492Z info 8026 {"stream":"ethusdt@aggTrade","data":{"e":"aggTrade","E":1721723070241,"a":1709026007,"s":"ETHUSDT","p":"3473.98","q":"2.878","f":4229212123,"l":4229212124,"T":1721723070239,"m":false}}
2024-07-23T16:24:30.170524Z info 8026 {"stream":"ethusdt@aggTrade","data":{"e":"aggTrade","E":1721723070241,"a":1709026008,"s":"ETHUSDT","p":"3474.00","q":"1.387","f":4229212125,"l":4229212125,"T":1721723070239,"m":false}}
2024-07-23T16:24:30.234355Z info 8026 {"stream":"ethusdt@aggTrade","data":{"e":"aggTrade","E":1721723070306,"a":1709026009,"s":"ETHUSDT","p":"3474.07","q":"0.834","f":4229212126,"l":4229212129,"T":1721723070239,"m":false}}
2024-07-23T16:24:30.345657Z info 8026 {"stream":"ethusdt@aggTrade","data":{"e":"aggTrade","E":1721723070418,"a":1709026010,"s":"ETHUSDT","p":"3474.11","q":"0.232","f":4229212130,"l":4229212132,"T":1721723070303,"m":false}}
2024-07-23T16:24:30.363649Z info 8026 {"stream":"xrpusdt@aggTrade","data":{"e":"aggTrade","E":1721723070436,"a":431750200,"s":"XRPUSDT","p":"0.5968","q":"1885.8","f":1535418910,"l":1535418910,"T":1721723070284,"m":false}}
2024-07-23T16:24:30.413640Z info 8026 {"stream":"ethusdt@aggTrade","data":{"e":"aggTrade","E":1721723070485,"a":1709026011,"s":"ETHUSDT","p":"3474.11","q":"4.155","f":4229212133,"l":4229212140,"T":1721723070417,"m":false}}
2024-07-23T16:24:30.413683Z info 8026 {"stream":"ethusdt@aggTrade","data":{"e":"aggTrade","E":1721723070486,"a":1709026012,"s":"ETHUSDT","p":"3474.10","q":"0.964","f":4229212141,"l":4229212142,"T":1721723070483,"m":true}}
2024-07-23T16:24:30.504803Z info 8026 {"stream":"ethusdt@aggTrade","data":{"e":"aggTrade","E":1721723070577,"a":1709026013,"s":"ETHUSDT","p":"3474.11","q":"0.476","f":4229212143,"l":4229212144,"T":1721723070484,"m":false}}
2024-07-23T16:24:30.603874Z info 8026 {"stream":"ethusdt@aggTrade","data":{"e":"aggTrade","E":1721723070675,"a":1709026014,"s":"ETHUSDT","p":"3474.10","q":"11.656","f":4229212145,"l":4229212148,"T":1721723070575,"m":true}}
2024-07-23T16:24:30.692117Z info 8026 {"stream":"ethusdt@aggTrade","data":{"e":"aggTrade","E":1721723070762,"a":1709026015,"s":"ETHUSDT","p":"3474.11","q":"0.067","f":4229212149,"l":4229212150,"T":1721723070674,"m":false}}
2024-07-23T16:24:30.734207Z info 8026 {"stream":"ethusdt@aggTrade","data":{"e":"aggTrade","E":1721723070806,"a":1709026016,"s":"ETHUSDT","p":"3474.10","q":"0.407","f":4229212151,"l":4229212151,"T":1721723070761,"m":true}}
2024-07-23T16:24:30.772685Z info 8026 {"stream":"ethusdt@aggTrade","data":{"e":"aggTrade","E":1721723070844,"a":1709026017,"s":"ETHUSDT","p":"3474.11","q":"0.008","f":4229212152,"l":4229212152,"T":1721723070805,"m":false}}
2024-07-23T16:24:30.870559Z info 8026 {"stream":"ethusdt@aggTrade","data":{"e":"aggTrade","E":1721723070943,"a":1709026018,"s":"ETHUSDT","p":"3474.10","q":"0.595","f":4229212153,"l":4229212154,"T":1721723070843,"m":true}}
2024-07-23T16:24:30.955725Z info 8026 {"stream":"ethusdt@aggTrade","data":{"e":"aggTrade","E":1721723071028,"a":1709026019,"s":"ETHUSDT","p":"3474.11","q":"4.613","f":4229212155,"l":4229212167,"T":1721723070941,"m":false}}
2024-07-23T16:24:30.955762Z info 8026 {"stream":"ethusdt@aggTrade","data":{"e":"aggTrade","E":1721723071028,"a":1709026020,"s":"ETHUSDT","p":"3474.12","q":"0.007","f":4229212168,"l":4229212168,"T":1721723071025,"m":false}}
2024-07-23T16:24:30.957871Z info 8026 {"stream":"ethusdt@aggTrade","data":{"e":"aggTrade","E":1721723071028,"a":1709026021,"s":"ETHUSDT","p":"3474.14","q":"0.100","f":4229212169,"l":4229212169,"T":1721723071025,"m":false}}
2024-07-23T16:24:30.957906Z info 8026 {"stream":"ethusdt@aggTrade","data":{"e":"aggTrade","E":1721723071028,"a":1709026022,"s":"ETHUSDT","p":"3474.18","q":"0.185","f":4229212170,"l":4229212170,"T":1721723071025,"m":false}}
2024-07-23T16:24:30.957939Z info 8026 {"stream":"ethusdt@aggTrade","data":{"e":"aggTrade","E":1721723071028,"a":1709026023,"s":"ETHUSDT","p":"3474.19","q":"2.501","f":4229212171,"l":4229212174,"T":1721723071025,"m":false}}
2024-07-23T16:24:30.957971Z info 8026 {"stream":"ethusdt@aggTrade","data":{"e":"aggTrade","E":1721723071028,"a":1709026024,"s":"ETHUSDT","p":"3474.20","q":"0.006","f":4229212175,"l":4229212175,"T":1721723071025,"m":false}}
2024-07-23T16:24:30.958003Z info 8026 {"stream":"ethusdt@aggTrade","data":{"e":"aggTrade","E":1721723071028,"a":1709026025,"s":"ETHUSDT","p":"3474.21","q":"0.006","f":4229212176,"l":4229212176,"T":1721723071025,"m":false}}
2024-07-23T16:24:30.958035Z info 8026 {"stream":"ethusdt@aggTrade","data":{"e":"aggTrade","E":1721723071028,"a":1709026026,"s":"ETHUSDT","p":"3474.39","q":"0.251","f":4229212177,"l":4229212179,"T":1721723071025,"m":false}}
2024-07-23T16:24:30.958067Z info 8026 {"stream":"ethusdt@aggTrade","data":{"e":"aggTrade","E":1721723071028,"a":1709026027,"s":"ETHUSDT","p":"3474.40","q":"4.005","f":4229212180,"l":4229212181,"T":1721723071025,"m":false}}
2024-07-23T16:24:30.958099Z info 8026 {"stream":"ethusdt@aggTrade","data":{"e":"aggTrade","E":1721723071028,"a":1709026028,"s":"ETHUSDT","p":"3474.41","q":"2.822","f":4229212182,"l":4229212182,"T":1721723071025,"m":false}}
2024-07-23T16:24:30.958131Z info 8026 {"stream":"ethusdt@aggTrade","data":{"e":"aggTrade","E":1721723071028,"a":1709026029,"s":"ETHUSDT","p":"3474.42","q":"0.006","f":4229212183,"l":4229212183,"T":1721723071025,"m":false}}
2024-07-23T16:24:30.958163Z info 8026 {"stream":"ethusdt@aggTrade","data":{"e":"aggTrade","E":1721723071028,"a":1709026030,"s":"ETHUSDT","p":"3474.44","q":"0.468","f":4229212184,"l":4229212185,"T":1721723071025,"m":false}}
2024-07-23T16:24:30.958195Z info 8026 {"stream":"ethusdt@aggTrade","data":{"e":"aggTrade","E":1721723071028,"a":1709026031,"s":"ETHUSDT","p":"3474.45","q":"3.753","f":4229212186,"l":4229212186,"T":1721723071025,"m":false}}
2024-07-23T16:24:30.958227Z info 8026 {"stream":"ethusdt@aggTrade","data":{"e":"aggTrade","E":1721723071028,"a":1709026032,"s":"ETHUSDT","p":"3474.46","q":"0.008","f":4229212187,"l":4229212187,"T":1721723071025,"m":false}}
2024-07-23T16:24:30.958258Z info 8026 {"stream":"ethusdt@aggTrade","data":{"e":"aggTrade","E":1721723071028,"a":1709026033,"s":"ETHUSDT","p":"3474.49","q":"0.074","f":4229212188,"l":4229212189,"T":1721723071025,"m":false}}
2024-07-23T16:24:30.958290Z info 8026 {"stream":"ethusdt@aggTrade","data":{"e":"aggTrade","E":1721723071028,"a":1709026034,"s":"ETHUSDT","p":"3474.51","q":"0.564","f":4229212190,"l":4229212194,"T":1721723071025,"m":false}}
2024-07-23T16:24:30.958326Z info 8026 {"stream":"ethusdt@aggTrade","data":{"e":"aggTrade","E":1721723071028,"a":1709026035,"s":"ETHUSDT","p":"3474.52","q":"2.155","f":4229212195,"l":4229212195,"T":1721723071026,"m":false}}
2024-07-23T16:24:30.958358Z info 8026 {"stream":"ethusdt@aggTrade","data":{"e":"aggTrade","E":1721723071028,"a":1709026036,"s":"ETHUSDT","p":"3474.55","q":"0.050","f":4229212196,"l":4229212196,"T":1721723071026,"m":false}}
2024-07-23T16:24:30.958391Z info 8026 {"stream":"ethusdt@aggTrade","data":{"e":"aggTrade","E":1721723071028,"a":1709026037,"s":"ETHUSDT","p":"3474.56","q":"1.374","f":4229212197,"l":4229212197,"T":1721723071026,"m":false}}
2024-07-23T16:24:30.958414Z info 8026 {"stream":"ethusdt@aggTrade","data":{"e":"aggTrade","E":1721723071028,"a":1709026038,"s":"ETHUSDT","p":"3474.57","q":"4.808","f":4229212198,"l":4229212198,"T":1721723071026,"m":false}}
2024-07-23T16:24:30.959138Z info 8026 {"stream":"ethusdt@aggTrade","data":{"e":"aggTrade","E":1721723071031,"a":1709026039,"s":"ETHUSDT","p":"3474.58","q":"5.870","f":4229212199,"l":4229212201,"T":1721723071026,"m":false}}
2024-07-23T16:24:30.970863Z info 8026 {"stream":"ethusdt@aggTrade","data":{"e":"aggTrade","E":1721723071042,"a":1709026040,"s":"ETHUSDT","p":"3474.57","q":"0.100","f":4229212202,"l":4229212203,"T":1721723071030,"m":true}}
2024-07-23T16:24:31.026291Z info 8026 {"stream":"xrpusdt@aggTrade","data":{"e":"aggTrade","E":1721723071097,"a":431750201,"s":"XRPUSDT","p":"0.5968","q":"1667.0","f":1535418911,"l":1535418926,"T":1721723071069,"m":false}}
2024-07-23T16:24:31.078637Z info 8026 {"stream":"ethusdt@aggTrade","data":{"e":"aggTrade","E":1721723071149,"a":1709026041,"s":"ETHUSDT","p":"3474.58","q":"9.342","f":4229212204,"l":4229212210,"T":1721723071040,"m":false}}
