2024-07-23T16:13:38.033173Z info 7975 {"stream":"ethusdt@aggTrade","data":{"e":"aggTrade","E":1721722418112,"a":1709016709,"s":"ETHUSDT","p":"3459.11","q":"1.820","f":4229181249,"l":4229181250,"T":1721722417969,"m":false}}
2024-07-23T16:13:38.067767Z info 7975 {"stream":"ethusdt@aggTrade","data":{"e":"aggTrade","E":1721722418146,"a":1709016710,"s":"ETHUSDT","p":"3459.11","q":"0.020","f":4229181251,"l":4229181252,"T":1721722418110,"m":false}}
2024-07-23T16:13:38.079512Z info 7975 {"result":null,"id":1}
2024-07-23T16:13:38.176218Z info 7976 {"result":null,"id":2}
2024-07-23T16:13:38.216435Z info 7975 {"stream":"ethusdt@aggTrade","data":{"e":"aggTrade","E":1721722418297,"a":1709016711,"s":"ETHUSDT","p":"3459.10","q":"5.659","f":4229181253,"l":4229181280,"T":1721722418145,"m":true}}
2024-07-23T16:13:38.361799Z info 7975 {"stream":"xrpusdt@aggTrade","data":{"e":"aggTrade","E":1721722418441,"a":431748817,"s":"XRPUSDT","p":"0.5981","q":"8.9","f":1535412628,"l":1535412628,"T":1721722418287,"m":false}}
2024-07-23T16:13:39.064851Z info 7975 {"stream":"ethusdt@aggTrade","data":{"e":"aggTrade","E":1721722419144,"a":1709016712,"s":"ETHUSDT","p":"3459.11","q":"4.330","f":4229181281,"l":4229181282,"T":1721722418991,"m":false}}
2024-07-23T16:13:39.408762Z info 7975 {"stream":"ethusdt@aggTrade","data":{"e":"aggTrade","E":1721722419488,"a":1709016713,"s":"ETHUSDT","p":"3459.10","q":"0.143","f":4229181283,"l":4229181283,"T":1721722419336,"m":true}}
2024-07-23T16:13:39.700531Z info 7975 {"stream":"ethusdt@aggTrade","data":{"e":"aggTrade","E":1721722419779,"a":1709016714,"s":"ETHUSDT","p":"3459.11","q":"0.022","f":4229181284,"l":4229181284,"T":1721722419628,"m":false}}
2024-07-23T16:13:39.850660Z info 7975 {"stream":"ethusdt@aggTrade","data":{"e":"aggTrade","E":1721722419930,"a":1709016715,"s":"ETHUSDT","p":"3459.11","q":"0.134","f":4229181285,"l":4229181285,"T":1721722419777,"m":false}}
2024-07-23T16:13:40.096053Z info 7975 {"stream":"xrpusdt@aggTrade","data":{"e":"aggTrade","E":1721722420176,"a":431748818,"s":"XRPUSDT","p":"0.5980","q":"173.3","f":1535412629,"l":1535412630,"T":1721722420024,"m":true}}
2024-07-23T16:13:40.343741Z info 7975 {"stream":"ethusdt@aggTrade","data":{"e":"aggTrade","E":1721722420423,"a":1709016716,"s":"ETHUSDT","p":"3459.10","q":"0.016","f":4229181286,"l":4229181286,"T":1721722420271,"m":true}}
2024-07-23T16:13:40.609831Z info 7975 {"stream":"ethusdt@aggTrade","data":{"e":"aggTrade","E":1721722420689,"a":1709016717,"s":"ETHUSDT","p":"3459.11","q":"0.880","f":4229181287,"l":4229181289,"T":1721722420574,"m":false}}
2024-07-23T16:13:40.648123Z info 7975 {"stream":"xrpusdt@aggTrade","data":{"e":"aggTrade","E":1721722420727,"a":431748819,"s":"XRPUSDT","p":"0.5980","q":"135.9","f":1535412631,"l":1535412632,"T":1721722420634,"m":true}}
2024-07-23T16:13:40.760646Z info 7975 {"stream":"ethusdt@aggTrade","data":{"e":"aggTrade","E":1721722420840,"a":1709016718,"s":"ETHUSDT","p":"3459.11","q":"0.847","f":4229181290,"l":4229181291,"T":1721722420688,"m":false}}
2024-07-23T16:13:40.799469Z info 7975 {"stream":"xrpusdt@aggTrade","data":{"e":"aggTrade","E":1721722420878,"a":431748820,"s":"XRPUSDT","p":"0.5981","q":"835.9","f":1535412633,"l":1535412633,"T":1721722420726,"m":false}}
2024-07-23T16:13:40.952788Z info 7975 {"stream":"xrpusdt@aggTrade","data":{"e":"aggTrade","E":1721722421033,"a":431748821,"s":"XRPUSDT","p":"0.5981","q":"15176.4","f":1535412634,"l":1535412658,"T":1721722420880,"m":false}}
2024-07-23T16:13:41.012962Z info 7975 {"stream":"ethusdt@aggTrade","data":{"e":"aggTrade","E":1721722421091,"a":1709016719,"s":"ETHUSDT","p":"3459.10","q":"15.013","f":4229181292,"l":4229181296,"T":1721722420969,"m":true}}
2024-07-23T16:13:41.118181Z info 7975 {"stream":"ethusdt@aggTrade","data":{"e":"aggTrade","E":1721722421197,"a":1709016720,"s":"ETHUSDT","p":"3459.11","q":"0.001","f":4229181297,"l":4229181297,"T":1721722421090,"m":false}}
2024-07-23T16:13:41.267728Z info 7975 {"stream":"ethusdt@aggTrade","data":{"e":"aggTrade","E":1721722421348,"a":1709016721,"s":"ETHUSDT","p":"3459.11","q":"36.411","f":4229181298,"l":4229181329,"T":