2024-07-23T16:28:31.382131Z info 8080 {"stream":"xrpusdt@aggTrade","data":{"e":"aggTrade","E":1721723311452,"a":431750942,"s":"XRPUSDT","p":"0.5984","q":"310.4","f":1535422472,"l":1535422473,"T":1721723311299,"m":true}}
2024-07-23T16:28:31.420730Z info 8080 {"stream":"ethusdt@aggTrade","data":{"e":"aggTrade","E":1721723311490,"a":1709036208,"s":"ETHUSDT","p":"3487.44","q":"0.227","f":4229245644,"l":4229245646,"T":1721723311361,"m":true}}
2024-07-23T16:28:31.424414Z info 8080 {"stream":"ethusdt@aggTrade","data":{"e":"aggTrade","E":1721723311494,"a":1709036209,"s":"ETHUSDT","p":"3487.45","q":"6.427","f":4229245647,"l":4229245653,"T":1721723311489,"m":false}}
2024-07-23T16:28:31.426781Z info 8080 {"stream":"ethusdt@aggTrade","data":{"e":"aggTrade","E":1721723311495,"a":1709036210,"s":"ETHUSDT","p":"3487.48","q":"44.362","f":4229245654,"l":4229245664,"T":1721723311492,"m":false}}
2024-07-23T16:28:31.426817Z info 8080 {"stream":"ethusdt@aggTrade","data":{"e":"aggTrade","E":1721723311495,"a":1709036211,"s":"ETHUSDT","p":"3487.56","q":"0.054","f":4229245665,"l":4229245665,"T":1721723311493,"m":false}}
2024-07-23T16:28:31.426849Z info 8080 {"stream":"ethusdt@aggTrade","data":{"e":"aggTrade","E":1721723311495,"a":1709036212,"s":"ETHUSDT","p":"3487.57","q":"0.006","f":4229245666,"l":4229245666,"T":1721723311493,"m":false}}
2024-07-23T16:28:31.426881Z info 8080 {"stream":"ethusdt@aggTrade","data":{"e":"aggTrade","E":1721723311495,"a":1709036213,"s":"ETHUSDT","p":"3487.58","q":"0.006","f":4229245667,"l":4229245667,"T":1721723311493,"m":false}}
2024-07-23T16:28:31.431766Z info 8080 {"stream":"ethusdt@aggTrade","data":{"e":"aggTrade","E":1721723311502,"a":1709036214,"s":"ETHUSDT","p":"3487.59","q":"0.102","f":4229245668,"l":4229245669,"T":1721723311493,"m":false}}
2024-07-23T16:28:31.432822Z info 8080 {"stream":"ethusdt@aggTrade","data":{"e":"aggTrade","E":1721723311503,"a":1709036215,"s":"ETHUSDT","p":"3487.63","q":"0.006","f":4229245670,"l":4229245670,"T":1721723311500,"m":false}}
2024-07-23T16:28:31.443899Z info 8080 {"stream":"ethusdt@aggTrade","data":{"e":"aggTrade","E":1721723311513,"a":1709036216,"s":"ETHUSDT","p":"3487.68","q":"0.020","f":4229245671,"l":4229245671,"T":1721723311500,"m":false}}
2024-07-23T16:28:31.448734Z info 8080 {"stream":"ethusdt@aggTrade","data":{"e":"aggTrade","E":1721723311519,"a":1709036217,"s":"ETHUSDT","p":"3487.67","q":"1.035","f":4229245672,"l":4229245672,"T":1721723311511,"m":true}}
2024-07-23T16:28:31.459826Z info 8080 {"result":null,"id":1}
2024-07-23T16:28:31.466912Z info 8080 {"stream":"ethusdt@aggTrade","data":{"e":"aggTrade","E":1721723311536,"a":1709036218,"s":"ETHUSDT","p":"3487.68","q":"0.286","f":4229245673,"l":4229245699,"T":1721723311518,"m":false}}
2024-07-23T16:28:31.499689Z info 8081 {"result":null,"id":2}
2024-07-23T16:28:31.500945Z info 8080 {"stream":"ethusdt@aggTrade","data":{"e":"aggTrade","E":1721723311565,"a":1709036219,"s":"ETHUSDT","p":"3487.67","q":"0.967","f":4229245700,"l":4229245700,"T":1721723311535,"m":true}}
2024-07-23T16:28:31.545616Z info 8080 {"stream":"ethusdt@aggTrade","data":{"e":"aggTrade","E":1721723311615,"a":1709036220,"s":"ETHUSDT","p":"3487.68","q":"0.430","f":4229245701,"l":4229245701,"T":1721723311562,"m":false}}
2024-07-23T16:28:31.627076Z info 8080 {"stream":"ethusdt@aggTrade","data":{"e":"aggTrade","E":1721723311697,"a":1709036221,"s":"ETHUSDT","p":"3487.69","q":"0.009","f":4229245702,"l":4229245702,"T":1721723311615,"m":false}}
2024-07-23T16:28:31.627116Z info 8080 {"stream":"ethusdt@aggTrade","data":{"e":"aggTrade","E":1721723311697,"a":1709036222,"s":"ETHUSDT","p":"3487.72","q":"0.006","f":4229245703,"l":4229245703,"T":1721723311695,"m":false}}
2024-07-23T16:28:31.662151Z info 8080 {"stream":"xrpusdt@aggTrade","data":{"e":"aggTrade","E":1721723311732,"a":431750943,"s":"XRPUSDT","p":"0.5985","q":"9.6","f":1535422474,"l":1535422474,"T":1721723311579,"m":false}}
2024-07-23T16:28:31.675762Z info 8080 {"stream":"ethusdt@aggTrade","data":{"e":"aggTrade","E":1721723311746,"a":1709036223,"s":"ETHUSDT","p":"3487.79","q":"0.020","f":4229245704,"l":4229245704,"T":1721723311695,"m":false}}
2024-07-23T16:28:31.752039Z info 8080 {"stream":"ethusdt@aggTrade","data":{"e":"aggTrade","E":1721723311823,"a":1709036224,"s":"ETHUSDT","p":"3487.78","q":"0.011","f":4229245705,"l":4229245705,"T":1721723311744,"m":true}}
2024-07-23T16:28:31.793856Z info 8080 {"stream":"ethusdt@aggTrade","data":{"e":"aggTrade","E":1721723311863,"a":1709036225,"s":"ETHUSDT","p":"3487.79","q":"1.000","f":4229245706,"l":4229245706,"T":1721723311819,"m":false}}
2024-07-23T16:28:31.907697Z info 8080 {"stream":"ethusdt@aggTrade","data":{"e":"aggTrade","E":1721723311977,"a":1709036226,"s":"ETHUSDT","p":"3487.78","q":"10.214","f":4229245707,"l":4229245709,"T":1721723311861,"m":true}}
2024-07-23T16:28:31.971681Z info 8080 {"stream":"ethusdt@aggTrade","data":{"e":"aggTrade","E":1721723312041,"a":1709036227,"s":"ETHUSDT","p":"3487.78","q":"3.474","f":4229245710,"l":4229245710,"T":1721723311975,"m":true}}
2024-07-23T16:28:31.984667Z info 8080 {"stream":"ethusdt@aggTrade","data":{"e":"aggTrade","E":1721723312052,"a":1709036228,"s":"ETHUSDT","p":"3487.79","q":"0.069","f":4229245711,"l":4229245711,"T":1721723312040,"m":false}}
2024-07-23T16:28:31.990853Z info 8080 {"stream":"ethusdt@aggTrade","data":{"e":"aggTrade","E":1721723312061,"a":1709036229,"s":"ETHUSDT","p":"3487.78","q":"1.200","f":4229245712,"l":4229245712,"T":1721723312050,"m":true}}
2024-07-23T16:28:31.992403Z info 8080 {"stream":"ethusdt@aggTrade","data":{"e":"aggTrade","E":1721723312062,"a":1709036230,"s":"ETHUSDT","p":"3487.79","q":"0.033","f":4229245713,"l":4229245713,"T":1721723312059,"m":false}}
2024-07-23T16:28:32.003955Z info 8080 {"stream":"ethusdt@aggTrade","data":{"e":"aggTrade","E":1721723312073,"a":1709036231,"s":"ETHUSDT","p":"3487.78","q":"6.011","f":4229245714,"l":4229245719,"T":1721723312060,"m":true}}
2024-07-23T16:28:32.003994Z info 8080 {"stream":"ethusdt@aggTrade","data":{"e":"aggTrade","E":1721723312073,"a":1709036232,"s":"ETHUSDT","p":"3487.69","q":"0.006","f":4229245720,"l":4229245720,"T":1721723312071,"m":false}}
2024-07-23T16:28:32.107602Z info 8080 {"stream":"ethusdt@aggTrade","data":{"e":"aggTrade","E":1721723312178,"a":1709036233,"s":"ETHUSDT","p":"3487.68","q":"0.020","f":4229245721,"l":4229245722,"T":1721723312071,"m":true}}
2024-07-23T16:28:32.216032Z info 8080 {"stream":"ethusdt@aggTrade","data":{"e":"aggTrade","E":1721723312286,"a":1709036234,"s":"ETHUSDT","p":"3487.68","q":"0.573","f":4229245723,"l":4229245725,"T":1721723312177,"m":true}}
2024-07-23T16:28:32.321524Z info 8080 {"stream":"xrpusdt@aggTrade","data":{"e":"aggTrade","E":1721723312391,"a":431750944,"s":"XRPUSDT","p":"0.5984","q":"0.5","f":1535422475,"l":1535422475,"T":1721723312238,"m":true}}
2024-07-23T16:28:32.325810Z info 8080 {"stream":"ethusdt@aggTrade","data":{"e":"aggTrade","E":1721723312395,"a":1709036235,"s":"ETHUSDT","p":"3487.69","q":"5.000","f":4229245726,"l":4229245726,"T":1721723312285,"m":false}}
2024-07-23T16:28:32.441441Z info 8080 {"stream":"ethusdt@aggTrade","data":{"e":"aggTrade","E":1721723312511,"a":1709036236,"s":"ETHUSDT","p":"3487.69","q":"0.043","f":4229245727,"l":4229245728,"T":1721723312393,"m":false}}
2024-07-23T16:28:32.506925Z info 8080 {"stream":"ethusdt@aggTrade","data":{"e":"aggTrade","E":1721723312577,"a":1709036237,"s":"ETHUSDT","p":"3487.69","q":"0.605","f":4229245729,"l":4229245729,"T":1721723312508,"m":false}}
2024-07-23T16:28:32.533800Z info 8080 {"stream":"ethusdt@aggTrade","data":{"e":"aggTrade","E":1721723312603,"a":1709036238,"s":"ETHUSDT","p":"3487.68","q":"2.700","f":4229245730,"l":4229245733,"T":1721723312574,"m":true}}
2024-07-23T16:28:32.588988Z info 8080 {"stream":"xrpusdt@aggTrade","data":{"e":"aggTrade","E":1721723312660,"a":431750945,"s":"XRPUSDT","p":"0.5985","q":"1833.2","f":1535422476,"l":1535422476,"T":1721723312505,"m":false}}
2024-07-23T16:28:32.596665Z info 8080 {"stream":"ethusdt@aggTrade","data":{"e":"aggTrade","E":1721723312667,"a":1709036239,"s":"ETHUSDT","p":"3487.69","q":"0.095","f":4229245734,"l":4229245734,"T":1721723312602,"m":false}}
2024-07-23T16:28:32.700550Z info 8080 {"stream":"ethusdt@aggTrade","data":{"e":"aggTrade","E":1721723312770,"a":1709036240,"s":"ETHUSDT","p":"3487.68","q":"0.040","f":4229245735,"l":4229245735,"T":1721723312666,"m":true}}
2024-07-23T16:28:32.850874Z info 8080 {"stream":"ethusdt@aggTrade","data":{"e":"aggTrade","E":1721723312921,"a":1709036241,"s":"ETHUSDT","p":"3487.69","q":"10.069","f":4229245736,"l":4229245739,"T":1721723312769,"m":false}}
2024-07-23T16:28:32.963732Z info 8080 {"stream":"ethusdt@aggTrade","data":{"e":"aggTrade","E":1721723313034,"a":1709036242,"s":"ETHUSDT","p":"3487.68","q":"0.834","f":4229245740,"l":4229245740,"T":1721723312952,"m":true}}
2024-07-23T16:28:32.998816Z info 8080 {"stream":"xrpusdt@aggTrade","data":{"e":"aggTrade","E":1721723313069,"a":431750946,"s":"XRPUSDT","p":"0.5984","q":"178.9","f":1535422477,"l":1535422477,"T":1721723312916,"m":true}}
2024-07-23T16:28:33.113106Z info 8080 {"stream":"ethusdt@aggTrade","data":{"e":"aggTrade","E":1721723313183,"a":1709036243,"s":"ETHUSDT","p":"3487.69","q":"2.039","f":4229245741,"l":4229245742,"T":1721723313032,"m":false}}
2024-07-23T16:28:33.211368Z info 8080 {"stream":"ethusdt@aggTrade","data":{"e":"aggTrade","E":1721723313281,"a":1709036244,"s":"ETHUSDT","p":"3487.69","q":"5.095","f":4229245743,"l":4229245747,"T":1721723313182,"m":false}}
2024-07-23T16:28:33.249887Z info 8080 {"stream":"ethusdt@aggTrade","data":{"e":"aggTrade","E":1721723313320,"a":1709036245,"s":"ETHUSDT","p":"3487.68","q":"4.479","f":4229245748,"l":4229245763,"T":1721723313280,"m":true}}
2024-07-23T16:28:33.250801Z info 8080 {"stream":"ethusdt@aggTrade","data":{"e":"aggTrade","E":1721723313320,"a":1709036246,"s":"ETHUSDT","p":"3487.66","q":"0.700","f":4229245764,"l":4229245764,"T":1721723313318,"m":true}}
2024-07-23T16:28:33.250834Z info 8080 {"stream":"ethusdt@aggTrade","data":{"e":"aggTrade","E":1721723313320,"a":1709036247,"s":"ETHUSDT","p":"3487.65","q":"0.007","f":4229245765,"l":4229245765,"T":1721723313318,"m":true}}
2024-07-23T16:28:33.250843Z info 8080 {"stream":"ethusdt@aggTrade","data":{"e":"aggTrade","E":1721723313320,"a":1709036248,"s":"ETHUSDT","p":"3487.64","q":"0.088","f":4229245766,"l":4229245766,"T":1721723313318,"m":true}}
2024-07-23T16:28:33.252524Z info 8080 {"stream":"ethusdt@aggTrade","data":{"e":"aggTrade","E":1721723313321,"a":1709036249,"s":"ETHUSDT","p":"3487.62","q":"1.342","f":4229245767,"l":4229245768,"T":1721723313318,"m":true}}
2024-07-23T16:28:33.252555Z info 8080 {"stream":"ethusdt@aggTrade","data":{"e":"aggTrade","E":1721723313322,"a":1709036250,"s":"ETHUSDT","p":"3487.50","q":"0.730","f":4229245769,"l":4229245772,"T":1721723313319,"m":true}}
2024-07-23T16:28:33.252587Z info 8080 {"stream":"ethusdt@aggTrade","data":{"e":"aggTrade","E":1721723313322,"a":1709036251,"s":"ETHUSDT","p":"3487.46","q":"0.006","f":4229245773,"l":4229245773,"T":1721723313319,"m":true}}
2024-07-23T16:28:33.260284Z info 8080 {"stream":"ethusdt@aggTrade","data":{"e":"aggTrade","E":1721723313330,"a":1709036252,"s":"ETHUSDT","p":"3487.45","q":"4.296","f":4229245774,"l":4229245775,"T":1721723313319,"m":true}}
2024-07-23T16:28:33.261599Z info 8080 {"stream":"ethusdt@aggTrade","data":{"e":"aggTrade","E":1721723313332,"a":1709036253,"s":"ETHUSDT","p":"3487.46","q":"0.398","f":4229245776,"l":4229245776,"T":1721723313328,"m":false}}
2024-07-23T16:28:33.350510Z info 8080 {"stream":"xrpusdt@aggTrade","data":{"e":"aggTrade","E":1721723313420,"a":431750947,"s":"XRPUSDT","p":"0.5984","q":"10.0","f":1535422478,"l":1535422478,"T":1721723313269,"m":true}}
2024-07-23T16:28:33.377539Z info 8080 {"stream":"ethusdt@aggTrade","data":{"e":"aggTrade","E":1721723313447,"a":1709036254,"s":"ETHUSDT","p":"3487.45","q":"5.323","f":4229245777,"l":4229245779,"T":1721723313330,"m":true}}
2024-07-23T16:28:33.456010Z info 8080 {"stream":"ethusdt@aggTrade","data":{"e":"aggTrade","E":1721723313523,"a":1709036255,"s":"ETHUSDT","p":"3487.45","q":"0.142","f":4229245780,"l":4229245781,"T":1721723313445,"m":false}}
2024-07-23T16:28:33.499707Z info 8080 {"stream":"xrpusdt@aggTrade","data":{"e":"aggTrade","E":1721723313571,"a":431750948,"s":"XRPUSDT","p":"0.5985","q":"125.6","f":1535422479,"l":1535422480,"T":1721723313418,"m":false}}
2024-07-23T16:28:33.554698Z info 8080 {"stream":"ethusdt@aggTrade","data":{"e":"aggTrade","E":1721723313624,"a":1709036256,"s":"ETHUSDT","p":"3487.44","q":"0.011","f":4229245782,"l":4229245782,"T":1721723313522,"m":true}}
2024-07-23T16:28:33.554734Z info 8080 {"stream":"ethusdt@aggTrade","data":{"e":"aggTrade","E":1721723313624,"a":1709036257,"s":"ETHUSDT","p":"3487.45","q":"0.187","f":4229245783,"l":4229245787,"T":1721723313622,"m":false}}
2024-07-23T16:28:33.554741Z info 8080 {"stream":"ethusdt@aggTrade","data":{"e":"aggTrade","E":1721723313624,"a":1709036258,"s":"ETHUSDT","p":"3487.46","q":"0.006","f":4229245788,"l":4229245788,"T":1721723313622,"m":false}}
2024-07-23T16:28:33.554775Z info 8080 {"stream":"ethusdt@aggTrade","data":{"e":"aggTrade","E":1721723313624,"a":1709036259,"s":"ETHUSDT","p":"3487.47","q":"0.006","f":4229245789,"l":4229245789,"T":1721723313622,"m":false}}
2024-07-23T16:28:33.554808Z info 8080 {"stream":"ethusdt@aggTrade","data":{"e":"aggTrade","E":1721723313624,"a":1709036260,"s":"ETHUSDT","p":"3487.48","q":"0.106","f":4229245790,"l":4229245791,"T":1721723313622,"m":false}}
2024-07-23T16:28:33.554846Z info 8080 {"stream":"ethusdt@aggTrade","data":{"e":"aggTrade","E":1721723313624,"a":1709036261,"s":"ETHUSDT","p":"3487.51","q":"0.229","f":4229245792,"l":4229245792,"T":1721723313622,"m":false}}
2024-07-23T16:28:33.560579Z info 8080 {"stream":"ethusdt@aggTrade","data":{"e":"aggTrade","E":1721723313630,"a":1709036262,"s":"ETHUSDT","p":"3487.52","q":"0.006","f":4229245793,"l":4229245793,"T":1721723313622,"m":false}}
2024-07-23T16:28:33.647957Z info 8080 {"stream":"ethusdt@aggTrade","data":{"e":"aggTrade","E":1721723313718,"a":1709036263,"s":"ETHUSDT","p":"3487.53","q":"0.231","f":4229245794,"l":4229245810,"T":1721723313628,"m":false}}
2024-07-23T16:28:33.749859Z info 8080 {"stream":"ethusdt@aggTrade","data":{"e":"aggTrade","E":1721723313820,"a":1709036264,"s":"ETHUSDT","p":"3487.55","q":"1.593","f":4229245811,"l":4229245813,"T":1721723313716,"m":false}}
2024-07-23T16:28:33.798768Z info 8080 {"stream":"ethusdt@aggTrade","data":{"e":"aggTrade","E":1721723313870,"a":1709036265,"s":"ETHUSDT","p":"3487.68","q":"0.060","f":4229245814,"l":4229245820,"T":1721723313818,"m":false}}
2024-07-23T16:28:33.799801Z info 8080 {"stream":"ethusdt@aggTrade","data":{"e":"aggTrade","E":1721723313870,"a":1709036266,"s":"ETHUSDT","p":"3487.70","q":"5.000","f":4229245821,"l":4229245821,"T":1721723313868,"m":true}}
2024-07-23T16:28:33.929118Z info 8080 {"stream":"ethusdt@aggTrade","data":{"e":"aggTrade","E":1721723313999,"a":1709036267,"s":"ETHUSDT","p":"3487.71","q":"0.020","f":4229245822,"l":4229245822,"T":1721723313868,"m":false}}
2024-07-23T16:28:34.026169Z info 8080 {"stream":"xrpusdt@aggTrade","data":{"e":"aggTrade","E":1721723314096,"a":431750949,"s":"XRPUSDT","p":"0.5985","q":"8.4","f":1535422481,"l":1535422481,"T":1721723313942,"m":false}}
2024-07-23T16:28:34.079954Z info 8080 {"stream":"ethusdt@aggTrade","data":{"e":"aggTrade","E":1721723314150,"a":1709036268,"s":"ETHUSDT","p":"3487.70","q":"0.008","f":4229245823,"l":4229245823,"T":1721723313998,"m":true}}
2024-07-23T16:28:34.234873Z info 8080 {"stream":"ethusdt@aggTrade","data":{"e":"aggTrade","E":1721723314305,"a":1709036269,"s":"ETHUSDT","p":"3487.71","q":"1.000","f":4229245824,"l":4229245824,"T":1721723314153,"m":false}}
2024-07-23T16:28:34.295172Z info 8080 {"stream":"ethusdt@aggTrade","data":{"e":"aggTrade","E":1721723314365,"a":1709036270,"s":"ETHUSDT","p":"3487.78","q":"0.057","f":4229245825,"l":4229245825,"T":1721723314362,"m":true}}
2024-07-23T16:28:34.343368Z info 8080 {"stream":"ethusdt@aggTrade","data":{"e":"aggTrade","E":1721723314413,"a":1709036271,"s":"ETHUSDT","p":"3487.79","q":"26.200","f":4229245826,"l":4229245846,"T":1721723314362,"m":false}}
2024-07-23T16:28:34.343408Z info 8080 {"stream":"ethusdt@aggTrade","data":{"e":"aggTrade","E":1721723314413,"a":1709036272,"s":"ETHUSDT","p":"3487.80","q":"8.463","f":4229245847,"l":4229245857,"T":1721723314410,"m":false}}
2024-07-23T16:28:34.367652Z info 8080 {"stream":"xrpusdt@aggTrade","data":{"e":"aggTrade","E":1721723314438,"a":431750950,"s":"XRPUSDT","p":"0.5985","q":"149.0","f":1535422482,"l":1535422482,"T":1721723314285,"m":false}}
2024-07-23T16:28:34.430991Z info 8080 {"stream":"ethusdt@aggTrade","data":{"e":"aggTrade","E":1721723314500,"a":1709036273,"s":"ETHUSDT","p":"3487.81","q":"0.214","f":4229245858,"l":4229245860,"T":1721723314410,"m":false}}
2024-07-23T16:28:34.483822Z info 8080 {"stream":"ethusdt@aggTrade","data":{"e":"aggTrade","E":1721723314551,"a":1709036274,"s":"ETHUSDT","p":"3487.80","q":"3.386","f":4229245861,"l":4229245862,"T":1721723314498,"m":true}}
2024-07-23T16:28:34.485118Z info 8080 {"stream":"ethusdt@aggTrade","data":{"e":"aggTrade","E":1721723314553,"a":1709036275,"s":"ETHUSDT","p":"3487.81","q":"5.802","f":4229245863,"l":4229245864,"T":1721723314549,"m":false}}
2024-07-23T16:28:34.614948Z info 8080 {"stream":"xrpusdt@aggTrade","data":{"e":"aggTrade","E":1721723314685,"a":431750951,"s":"XRPUSDT","p":"0.5984","q":"178.9","f":1535422483,"l":1535422483,"T":1721723314531,"m":true}}
2024-07-23T16:28:34.620506Z info 8080 {"stream":"ethusdt@aggTrade","data":{"e":"aggTrade","E":1721723314690,"a":1709036276,"s":"ETHUSDT","p":"3487.80","q":"0.396","f":4229245865,"l":4229245867,"T":1721723314551,"m":true}}
2024-07-23T16:28:34.756058Z info 8080 {"stream":"ethusdt@aggTrade","data":{"e":"aggTrade","E":1721723314826,"a":1709036277,"s":"ETHUSDT","p":"3487.81","q":"0.106","f":4229245868,"l":4229245868,"T":1721723314689,"m":false}}
2024-07-23T16:28:34.762592Z info 8080 {"stream":"xrpusdt@aggTrade","data":{"e":"aggTrade","E":1721723314832,"a":431750952,"s":"XRPUSDT","p":"0.5985","q":"908.5","f":1535422484,"l":1535422487,"T":1721723314740,"m":false}}
2024-07-23T16:28:34.774732Z info 8080 {"stream":"ethusdt@aggTrade","data":{"e":"aggTrade","E":1721723314846,"a":1709036278,"s":"ETHUSDT","p":"3487.81","q":"7.759","f":4229245869,"l":4229245869,"T":1721723314824,"m":false}}
2024-07-23T16:28:34.828196Z info 8080 {"stream":"ethusdt@aggTrade","data":{"e":"aggTrade","E":1721723314898,"a":1709036279,"s":"ETHUSDT","p":"3487.80","q":"2.494","f":4229245870,"l":4229245871,"T":1721723314844,"m":true}}
2024-07-23T16:28:34.882498Z info 8080 {"stream":"ethusdt@aggTrade","data":{"e":"aggTrade","E":1721723314953,"a":1709036280,"s":"ETHUSDT","p":"3487.81","q":"3.028","f":4229245872,"l":4229245874,"T":1721723314896,"m":false}}
2024-07-23T16:28:34.913000Z info 8080 {"stream":"xrpusdt@aggTrade","data":{"e":"aggTrade","E":1721723314983,"a":431750953,"s":"XRPUSDT","p":"0.5984","q":"46.0","f":1535422488,"l":1535422488,"T":1721723314831,"m":true}}
2024-07-23T16:28:34.997803Z info 8080 {"stream":"ethusdt@aggTrade","data":{"e":"aggTrade","E":1721723315067,"a":1709036281,"s":"ETHUSDT","p":"3487.80","q":"0.547","f":4229245875,"l":4229245876,"T":1721723314952,"m":true}}
2024-07-23T16:28:35.145011Z info 8080 {"stream":"ethusdt@aggTrade","data":{"e":"aggTrade","E":1721723315215,"a":1709036282,"s":"ETHUSDT","p":"3487.80","q":"0.557","f":4229245877,"l":4229245878,"T":1721723315065,"m":true}}
2024-07-23T16:28:35.153575Z info 8080 {"stream":"ethusdt@aggTrade","data":{"e":"aggTrade","E":1721723315224,"a":1709036283,"s":"ETHUSDT","p":"3487.81","q":"0.006","f":4229245879,"l":4229245879,"T":1721723315213,"m":false}}
2024-07-23T16:28:35.245917Z info 8080 {"stream":"ethusdt@aggTrade","data":{"e":"aggTrade","E":1721723315315,"a":1709036284,"s":"ETHUSDT","p":"3487.80","q":"1.640","f":4229245880,"l":4229245882,"T":1721723315222,"m":true}}
2024-07-23T16:28:35.245965Z info 8080 {"stream":"ethusdt@aggTrade","data":{"e":"aggTrade","E":1721723315315,"a":1709036285,"s":"ETHUSDT","p":"3487.81","q":"6.043","f":4229245883,"l":4229245887,"T":1721723315313,"m":false}}
2024-07-23T16:28:35.245996Z info 8080 {"stream":"ethusdt@aggTrade","data":{"e":"aggTrade","E":1721723315315,"a":1709036286,"s":"ETHUSDT","p":"3487.82","q":"0.267","f":4229245888,"l":4229245889,"T":1721723315313,"m":false}}
2024-07-23T16:28:35.246034Z info 8080 {"stream":"ethusdt@aggTrade","data":{"e":"aggTrade","E":1721723315315,"a":1709036287,"s":"ETHUSDT","p":"3487.83","q":"0.007","f":4229245890,"l":4229245890,"T":1721723315313,"m":false}}
2024-07-23T16:28:35.246067Z info 8080 {"stream":"ethusdt@aggTrade","data":{"e":"aggTrade","E":1721723315315,"a":1709036288,"s":"ETHUSDT","p":"3487.84","q":"0.050","f":4229245891,"l":4229245892,"T":1721723315313,"m":false}}
2024-07-23T16:28:35.246089Z info 8080 {"stream":"ethusdt@aggTrade","data":{"e":"aggTrade","E":1721723315315,"a":1709036289,"s":"ETHUSDT","p":"3487.85","q":"0.006","f":4229245893,"l":4229245893,"T":1721723315313,"m":false}}
2024-07-23T16:28:35.276669Z info 8080 {"stream":"ethusdt@aggTrade","data":{"e":"aggTrade","E":1721723315346,"a":1709036290,"s":"ETHUSDT","p":"3487.87","q":"0.020","f":4229245894,"l":4229245894,"T":1721723315313,"m":false}}
2024-07-23T16:28:35.375103Z info 8080 {"stream":"xrpusdt@aggTrade","data":{"e":"aggTrade","E":1721723315445,"a":431750954,"s":"XRPUSDT","p":"0.5984","q":"68.9","f":1535422489,"l":1535422489,"T":1721723315293,"m":true}}
2024-07-23T16:28:35.426789Z info 8080 {"stream":"ethusdt@aggTrade","data":{"e":"aggTrade","E":1721723315497,"a":1709036291,"s":"ETHUSDT","p":"3487.86","q":"20.767","f":4229245895,"l":4229245900,"T":1721723315344,"m":true}}
2024-07-23T16:28:35.576637Z info 8080 {"stream":"xrpusdt@aggTrade","data":{"e":"aggTrade","E":1721723315646,"a":431750955,"s":"XRPUSDT","p":"0.5984","q":"1673.3","f":1535422490,"l":1535422491,"T":1721723315609,"m":true}}
2024-07-23T16:28:35.585846Z info 8080 {"stream":"ethusdt@aggTrade","data":{"e":"aggTrade","E":1721723315655,"a":1709036292,"s":"ETHUSDT","p":"3487.86","q":"0.293","f":4229245901,"l":4229245902,"T":1721723315647,"m":true}}
2024-07-23T16:28:35.662478Z info 8080 {"stream":"ethusdt@aggTrade","data":{"e":"aggTrade","E":1721723315733,"a":1709036293,"s":"ETHUSDT","p":"3487.87","q":"1.348","f":4229245903,"l":4229245907,"T":1721723315654,"m":false}}
2024-07-23T16:28:35.664806Z info 8080 {"stream":"ethusdt@aggTrade","data":{"e":"aggTrade","E":1721723315734,"a":1709036294,"s":"ETHUSDT","p":"3487.88","q":"0.480","f":4229245908,"l":4229245911,"T":1721723315731,"m":false}}
2024-07-23T16:28:35.726897Z info 8080 {"stream":"xrpusdt@aggTrade","data":{"e":"aggTrade","E":1721723315797,"a":431750956,"s":"XRPUSDT","p":"0.5985","q":"415.8","f":1535422492,"l":1535422492,"T":1721723315645,"m":false}}
2024-07-23T16:28:35.746091Z info 8080 {"stream":"ethusdt@aggTrade","data":{"e":"aggTrade","E":1721723315815,"a":1709036295,"s":"ETHUSDT","p":"3487.91","q":"1.260","f":4229245912,"l":4229245914,"T":1721723315732,"m":false}}
2024-07-23T16:28:35.830364Z info 8080 {"stream":"ethusdt@aggTrade","data":{"e":"aggTrade","E":1721723315900,"a":1709036296,"s":"ETHUSDT","p":"3487.90","q":"0.256","f":4229245915,"l":4229245916,"T":1721723315813,"m":true}}
2024-07-23T16:28:35.848063Z info 8080 {"stream":"ethusdt@aggTrade","data":{"e":"aggTrade","E":1721723315917,"a":1709036297,"s":"ETHUSDT","p":"3487.91","q":"2.000","f":4229245917,"l":4229245917,"T":1721723315898,"m":false}}
2024-07-23T16:28:35.906131Z info 8080 {"stream":"ethusdt@aggTrade","data":{"e":"aggTrade","E":1721723315977,"a":1709036298,"s":"ETHUSDT","p":"3487.90","q":"0.389","f":4229245918,"l":4229245918,"T":1721723315915,"m":true}}
2024-07-23T16:28:35.907076Z info 8080 {"stream":"ethusdt@aggTrade","data":{"e":"aggTrade","E":1721723315977,"a":1709036299,"s":"ETHUSDT","p":"3487.91","q":"7.225","f":4229245919,"l":4229245921,"T":1721723315975,"m":false}}
2024-07-23T16:28:35.907112Z info 8080 {"stream":"ethusdt@aggTrade","data":{"e":"aggTrade","E":1721723315977,"a":1709036300,"s":"ETHUSDT","p":"3487.92","q":"0.015","f":4229245922,"l":4229245922,"T":1721723315975,"m":false}}
2024-07-23T16:28:35.908491Z info 8080 {"stream":"ethusdt@aggTrade","data":{"e":"aggTrade","E":1721723315978,"a":1709036301,"s":"ETHUSDT","p":"3487.93","q":"2.414","f":4229245923,"l":4229245925,"T":1721723315975,"m":false}}
2024-07-23T16:28:35.908536Z info 8080 {"stream":"ethusdt@aggTrade","data":{"e":"aggTrade","E":1721723315978,"a":1709036302,"s":"ETHUSDT","p":"3487.95","q":"0.011","f":4229245926,"l":4229245926,"T":1721723315976,"m":false}}
2024-07-23T16:28:35.916666Z info 8080 {"stream":"ethusdt@aggTrade","data":{"e":"aggTrade","E":1721723315987,"a":1709036303,"s":"ETHUSDT","p":"3487.96","q":"0.946","f":4229245927,"l":4229245929,"T":1721723315976,"m":false}}
2024-07-23T16:28:35.917548Z info 8080 {"stream":"ethusdt@aggTrade","data":{"e":"aggTrade","E":1721723315987,"a":1709036304,"s":"ETHUSDT","p":"3487.98","q":"0.187","f":4229245930,"l":4229245930,"T":1721723315985,"m":false}}
2024-07-23T16:28:35.920137Z info 8080 {"stream":"ethusdt@aggTrade","data":{"e":"aggTrade","E":1721723315990,"a":1709036305,"s":"ETHUSDT","p":"3487.99","q":"0.075","f":4229245931,"l":4229245932,"T":1721723315985,"m":false}}
2024-07-23T16:28:35.943810Z info 8080 {"stream":"ethusdt@aggTrade","data":{"e":"aggTrade","E":1721723316014,"a":1709036306,"s":"ETHUSDT","p":"3488.00","q":"105.803","f":4229245933,"l":4229245985,"T":1721723315988,"m":false}}
2024-07-23T16:28:35.944833Z info 8080 {"stream":"ethusdt@aggTrade","data":{"e":"aggTrade","E":1721723316015,"a":1709036307,"s":"ETHUSDT","p":"3487.99","q":"0.172","f":4229245986,"l":4229245986,"T":1721723316012,"m":true}}
2024-07-23T16:28:35.952795Z info 8080 {"stream":"ethusdt@aggTrade","data":{"e":"aggTrade","E":1721723316022,"a":1709036308,"s":"ETHUSDT","p":"3488.00","q":"6.360","f":4229245987,"l":4229246003,"T":1721723316013,"m":false}}
2024-07-23T16:28:35.954325Z info 8080 {"stream":"ethusdt@aggTrade","data":{"e":"aggTrade","E":1721723316023,"a":1709036309,"s":"ETHUSDT","p":"3488.01","q":"0.128","f":4229246004,"l":4229246005,"T":1721723316020,"m":false}}
2024-07-23T16:28:35.954359Z info 8080 {"stream":"ethusdt@aggTrade","data":{"e":"aggTrade","E":1721723316023,"a":1709036310,"s":"ETHUSDT","p":"3488.02","q":"0.272","f":4229246006,"l":4229246011,"T":1721723316020,"m":false}}
2024-07-23T16:28:35.954391Z info 8080 {"stream":"ethusdt@aggTrade","data":{"e":"aggTrade","E":1721723316023,"a":1709036311,"s":"ETHUSDT","p":"3488.03","q":"0.324","f":4229246012,"l":4229246012,"T":1721723316021,"m":false}}
2024-07-23T16:28:35.954423Z info 8080 {"stream":"ethusdt@aggTrade","data":{"e":"aggTrade","E":1721723316023,"a":1709036312,"s":"ETHUSDT","p":"3488.04","q":"0.276","f":4229246013,"l":4229246017,"T":1721723316021,"m":false}}
2024-07-23T16:28:35.954456Z info 8080 {"stream":"ethusdt@aggTrade","data":{"e":"aggTrade","E":1721723316023,"a":1709036313,"s":"ETHUSDT","p":"3488.05","q":"0.080","f":4229246018,"l":4229246018,"T":1721723316021,"m":false}}
2024-07-23T16:28:35.954478Z info 8080 {"stream":"ethusdt@aggTrade","data":{"e":"aggTrade","E":1721723316023,"a":1709036314,"s":"ETHUSDT","p":"3488.06","q":"0.185","f":4229246019,"l":4229246021,"T":1721723316021,"m":false}}
2024-07-23T16:28:35.954510Z info 8080 {"stream":"ethusdt@aggTrade","data":{"e":"aggTrade","E":1721723316024,"a":1709036315,"s":"ETHUSDT","p":"3488.07","q":"0.085","f":4229246022,"l":4229246024,"T":1721723316021,"m":false}}
2024-07-23T16:28:35.954547Z info 8080 {"stream":"ethusdt@aggTrade","data":{"e":"aggTrade","E":1721723316024,"a":1709036316,"s":"ETHUSDT","p":"3488.08","q":"2.609","f":4229246025,"l":4229246037,"T":1721723316021,"m":false}}
2024-07-23T16:28:35.955095Z info 8080 {"stream":"ethusdt@aggTrade","data":{"e":"aggTrade","E":1721723316024,"a":1709036317,"s":"ETHUSDT","p":"3488.09","q":"0.207","f":4229246038,"l":4229246040,"T":1721723316022,"m":false}}
2024-07-23T16:28:35.955129Z info 8080 {"stream":"ethusdt@aggTrade","data":{"e":"aggTrade","E":1721723316024,"a":1709036318,"s":"ETHUSDT","p":"3488.10","q":"0.214","f":4229246041,"l":4229246042,"T":1721723316022,"m":false}}
2024-07-23T16:28:35.955162Z info 8080 {"stream":"ethusdt@aggTrade","data":{"e":"aggTrade","E":1721723316024,"a":1709036319,"s":"ETHUSDT","p":"3488.12","q":"0.201","f":4229246043,"l":4229246045,"T":1721723316022,"m":false}}
2024-07-23T16:28:35.955194Z info 8080 {"stream":"ethusdt@aggTrade","data":{"e":"aggTrade","E":1721723316025,"a":1709036320,"s":"ETHUSDT","p":"3488.14","q":"0.331","f":4229246046,"l":4229246050,"T":1721723316022,"m":false}}
2024-07-23T16:28:35.955226Z info 8080 {"stream":"ethusdt@aggTrade","data":{"e":"aggTrade","E":1721723316025,"a":1709036321,"s":"ETHUSDT","p":"3488.15","q":"0.006","f":4229246051,"l":4229246051,"T":1721723316022,"m":false}}
2024-07-23T16:28:35.955259Z info 8080 {"stream":"ethusdt@aggTrade","data":{"e":"aggTrade","E":1721723316025,"a":1709036322,"s":"ETHUSDT","p":"3488.16","q":"0.398","f":4229246052,"l":4229246064,"T":1721723316022,"m":false}}
2024-07-23T16:28:35.955281Z info 8080 {"stream":"ethusdt@aggTrade","data":{"e":"aggTrade","E":1721723316025,"a":1709036323,"s":"ETHUSDT","p":"3488.17","q":"0.060","f":4229246065,"l":4229246067,"T":1721723316022,"m":false}}
2024-07-23T16:28:35.955302Z info 8080 {"stream":"ethusdt@aggTrade","data":{"e":"aggTrade","E":1721723316025,"a":1709036324,"s":"ETHUSDT","p":"3488.18","q":"0.054","f":4229246068,"l":4229246069,"T":1721723316022,"m":false}}
2024-07-23T16:28:35.955324Z info 8080 {"stream":"ethusdt@aggTrade","data":{"e":"aggTrade","E":1721723316025,"a":1709036325,"s":"ETHUSDT","p":"3488.19","q":"0.400","f":4229246070,"l":4229246071,"T":1721723316022,"m":false}}
2024-07-23T16:28:35.955346Z info 8080 {"stream":"ethusdt@aggTrade","data":{"e":"aggTrade","E":1721723316025,"a":1709036326,"s":"ETHUSDT","p":"3488.20","q":"0.015","f":4229246072,"l":4229246072,"T":1721723316023,"m":false}}
2024-07-23T16:28:35.955368Z info 8080 {"stream":"ethusdt@aggTrade","data":{"e":"aggTrade","E":1721723316025,"a":1709036327,"s":"ETHUSDT","p":"3488.21","q":"0.898","f":4229246073,"l":4229246074,"T":1721723316023,"m":false}}
2024-07-23T16:28:35.955714Z info 8080 {"stream":"ethusdt@aggTrade","data":{"e":"aggTrade","E":1721723316025,"a":1709036328,"s":"ETHUSDT","p":"3488.23","q":"0.118","f":4229246075,"l":4229246078,"T":1721723316023,"m":false}}
2024-07-23T16:28:35.958378Z info 8080 {"stream":"xrpusdt@aggTrade","data":{"e":"aggTrade","E":1721723316029,"a":431750957,"s":"XRPUSDT","p":"0.5985","q":"582.4","f":1535422493,"l":1535422493,"T":1721723315876,"m":false}}
2024-07-23T16:28:35.961058Z info 8080 {"stream":"ethusdt@aggTrade","data":{"e":"aggTrade","E":1721723316030,"a":1709036329,"s":"ETHUSDT","p":"3488.24","q":"0.200","f":4229246079,"l":4229246083,"T":1721723316023,"m":false}}
2024-07-23T16:28:35.975815Z info 8080 {"stream":"ethusdt@aggTrade","data":{"e":"aggTrade","E":1721723316046,"a":1709036330,"s":"ETHUSDT","p":"3488.25","q":"0.310","f":4229246084,"l":4229246084,"T":1721723316027,"m":false}}
2024-07-23T16:28:35.980626Z info 8080 {"stream":"ethusdt@aggTrade","data":{"e":"aggTrade","E":1721723316050,"a":1709036331,"s":"ETHUSDT","p":"3488.26","q":"0.105","f":4229246085,"l":4229246095,"T":1721723316044,"m":false}}
2024-07-23T16:28:35.988542Z info 8080 {"stream":"ethusdt@aggTrade","data":{"e":"aggTrade","E":1721723316056,"a":1709036332,"s":"ETHUSDT","p":"3488.27","q":"1.433","f":4229246096,"l":4229246099,"T":1721723316048,"m":false}}
2024-07-23T16:28:35.988576Z info 8080 {"stream":"ethusdt@aggTrade","data":{"e":"aggTrade","E":1721723316056,"a":1709036333,"s":"ETHUSDT","p":"3488.28","q":"0.165","f":4229246100,"l":4229246104,"T":1721723316052,"m":false}}
2024-07-23T16:28:35.988617Z info 8080 {"stream":"ethusdt@aggTrade","data":{"e":"aggTrade","E":1721723316056,"a":1709036334,"s":"ETHUSDT","p":"3488.31","q":"0.020","f":4229246105,"l":4229246106,"T":1721723316052,"m":false}}
2024-07-23T16:28:35.988649Z info 8080 {"stream":"ethusdt@aggTrade","data":{"e":"aggTrade","E":1721723316056,"a":1709036335,"s":"ETHUSDT","p":"3488.28","q":"0.109","f":4229246107,"l":4229246107,"T":1721723316052,"m":true}}
2024-07-23T16:28:35.988687Z info 8080 {"stream":"ethusdt@aggTrade","data":{"e":"aggTrade","E":1721723316056,"a":1709036336,"s":"ETHUSDT","p":"3488.31","q":"2.389","f":4229246108,"l":4229246110,"T":1721723316053,"m":false}}
2024-07-23T16:28:35.988719Z info 8080 {"stream":"ethusdt@aggTrade","data":{"e":"aggTrade","E":1721723316056,"a":1709036337,"s":"ETHUSDT","p":"3488.32","q":"0.079","f":4229246111,"l":4229246117,"T":1721723316053,"m":false}}
2024-07-23T16:28:35.989601Z info 8080 {"stream":"ethusdt@aggTrade","data":{"e":"aggTrade","E":1721723316058,"a":1709036338,"s":"ETHUSDT","p":"3488.33","q":"1.147","f":4229246118,"l":4229246124,"T":1721723316053,"m":false}}
2024-07-23T16:28:35.989634Z info 8080 {"stream":"ethusdt@aggTrade","data":{"e":"aggTrade","E":1721723316058,"a":1709036339,"s":"ETHUSDT","p":"3488.34","q":"0.009","f":4229246125,"l":4229246125,"T":1721723316055,"m":false}}
2024-07-23T16:28:35.989641Z info 8080 {"stream":"ethusdt@aggTrade","data":{"e":"aggTrade","E":1721723316058,"a":1709036340,"s":"ETHUSDT","p":"3488.36","q":"0.028","f":4229246126,"l":4229246128,"T":1721723316055,"m":false}}
2024-07-23T16:28:36.001868Z info 8080 {"stream":"ethusdt@aggTrade","data":{"e":"aggTrade","E":1721723316070,"a":1709036341,"s":"ETHUSDT","p":"3488.37","q":"0.077","f":4229246129,"l":4229246131,"T":1721723316055,"m":false}}
2024-07-23T16:28:36.017438Z info 8080 {"stream":"ethusdt@aggTrade","data":{"e":"aggTrade","E":1721723316088,"a":1709036342,"s":"ETHUSDT","p":"3488.38","q":"0.116","f":4229246132,"l":4229246137,"T":1721723316068,"m":false}}
2024-07-23T16:28:36.018822Z info 8080 {"stream":"ethusdt@aggTrade","data":{"e":"aggTrade","E":1721723316088,"a":1709036343,"s":"ETHUSDT","p":"3488.39","q":"0.006","f":4229246138,"l":4229246138,"T":1721723316086,"m":false}}
2024-07-23T16:28:36.020705Z info 8080 {"stream":"ethusdt@aggTrade","data":{"e":"aggTrade","E":1721723316089,"a":1709036344,"s":"ETHUSDT","p":"3488.40","q":"0.027","f":4229246139,"l":4229246141,"T":1721723316086,"m":false}}
2024-07-23T16:28:36.022399Z info 8080 {"stream":"ethusdt@aggTrade","data":{"e":"aggTrade","E":1721723316092,"a":1709036345,"s":"ETHUSDT","p":"3488.43","q":"0.006","f":4229246142,"l":4229246142,"T":1721723316087,"m":false}}
2024-07-23T16:28:36.022421Z info 8080 {"stream":"ethusdt@aggTrade","data":{"e":"aggTrade","E":1721723316092,"a":1709036346,"s":"ETHUSDT","p":"3488.44","q":"0.060","f":4229246143,"l":4229246144,"T":1721723316089,"m":false}}
2024-07-23T16:28:36.022442Z info 8080 {"stream":"ethusdt@aggTrade","data":{"e":"aggTrade","E":1721723316092,"a":1709036347,"s":"ETHUSDT","p":"3488.45","q":"0.017","f":4229246145,"l":4229246145,"T":1721723316089,"m":false}}
2024-07-23T16:28:36.022471Z info 8080 {"stream":"ethusdt@aggTrade","data":{"e":"aggTrade","E":1721723316092,"a":1709036348,"s":"ETHUSDT","p":"3488.46","q":"0.083","f":4229246146,"l":4229246147,"T":1721723316089,"m":false}}
2024-07-23T16:28:36.022494Z info 8080 {"stream":"ethusdt@aggTrade","data":{"e":"aggTrade","E":1721723316092,"a":1709036349,"s":"ETHUSDT","p":"3488.47","q":"0.009","f":4229246148,"l":4229246148,"T":1721723316089,"m":false}}
2024-07-23T16:28:36.022516Z info 8080 {"stream":"ethusdt@aggTrade","data":{"e":"aggTrade","E":1721723316092,"a":1709036350,"s":"ETHUSDT","p":"3488.48","q":"0.015","f":4229246149,"l":4229246149,"T":1721723316089,"m":false}}
2024-07-23T16:28:36.077664Z info 8080 {"stream":"ethusdt@aggTrade","data":{"e":"aggTrade","E":1721723316147,"a":1709036351,"s":"ETHUSDT","p":"3488.49","q":"0.020","f":4229246150,"l":4229246150,"T":1721723316089,"m":false}}
2024-07-23T16:28:36.079296Z info 8080 {"stream":"ethusdt@aggTrade","data":{"e":"aggTrade","E":1721723316149,"a":1709036352,"s":"ETHUSDT","p":"3488.49","q":"0.007","f":4229246151,"l":4229246151,"T":1721723316145,"m":true}}
2024-07-23T16:28:36.079391Z info 8080 {"stream":"ethusdt@aggTrade","data":{"e":"aggTrade","E":1721723316149,"a":1709036353,"s":"ETHUSDT","p":"3488.50","q":"8.716","f":4229246152,"l":4229246158,"T":1721723316147,"m":false}}
2024-07-23T16:28:36.079426Z info 8080 {"stream":"ethusdt@aggTrade","data":{"e":"aggTrade","E":1721723316149,"a":1709036354,"s":"ETHUSDT","p":"3488.51","q":"0.100","f":4229246159,"l":4229246159,"T":1721723316147,"m":false}}
2024-07-23T16:28:36.081623Z info 8080 {"stream":"ethusdt@aggTrade","data":{"e":"aggTrade","E":1721723316150,"a":1709036355,"s":"ETHUSDT","p":"3488.52","q":"0.088","f":4229246160,"l":4229246164,"T":1721723316147,"m":false}}
2024-07-23T16:28:36.081647Z info 8080 {"stream":"ethusdt@aggTrade","data":{"e":"aggTrade","E":1721723316150,"a":1709036356,"s":"ETHUSDT","p":"3488.53","q":"0.176","f":4229246165,"l":4229246168,"T":1721723316147,"m":false}}
2024-07-23T16:28:36.081654Z info 8080 {"stream":"ethusdt@aggTrade","data":{"e":"aggTrade","E":1721723316150,"a":1709036357,"s":"ETHUSDT","p":"3488.54","q":"0.008","f":4229246169,"l":4229246169,"T":1721723316147,"m":false}}
2024-07-23T16:28:36.082655Z info 8080 {"stream":"ethusdt@aggTrade","data":{"e":"aggTrade","E":1721723316152,"a":1709036358,"s":"ETHUSDT","p":"3488.55","q":"0.484","f":4229246170,"l":4229246172,"T":1721723316147,"m":false}}
2024-07-23T16:28:36.082693Z info 8080 {"stream":"ethusdt@aggTrade","data":{"e":"aggTrade","E":1721723316152,"a":1709036359,"s":"ETHUSDT","p":"3488.56","q":"0.104","f":4229246173,"l":4229246175,"T":1721723316149,"m":false}}
2024-07-23T16:28:36.082727Z info 8080 {"stream":"ethusdt@aggTrade","data":{"e":"aggTrade","E":1721723316152,"a":1709036360,"s":"ETHUSDT","p":"3488.57","q":"0.014","f":4229246176,"l":4229246176,"T":1721723316149,"m":false}}
2024-07-23T16:28:36.082759Z info 8080 {"stream":"ethusdt@aggTrade","data":{"e":"aggTrade","E":1721723316152,"a":1709036361,"s":"ETHUSDT","p":"3488.58","q":"0.006","f":4229246177,"l":4229246177,"T":1721723316149,"m":false}}
2024-07-23T16:28:36.082790Z info 8080 {"stream":"ethusdt@aggTrade","data":{"e":"aggTrade","E":1721723316152,"a":1709036362,"s":"ETHUSDT","p":"3488.59","q":"0.029","f":4229246178,"l":4229246178,"T":1721723316149,"m":false}}
2024-07-23T16:28:36.082827Z info 8080 {"stream":"ethusdt@aggTrade","data":{"e":"aggTrade","E":1721723316152,"a":1709036363,"s":"ETHUSDT","p":"3488.60","q":"0.032","f":4229246179,"l":4229246180,"T":1721723316149,"m":false}}
2024-07-23T16:28:36.082858Z info 8080 {"stream":"ethusdt@aggTrade","data":{"e":"aggTrade","E":1721723316152,"a":1709036364,"s":"ETHUSDT","p":"3488.61","q":"0.006","f":4229246181,"l":4229246181,"T":1721723316149,"m":false}}
2024-07-23T16:28:36.082889Z info 8080 {"stream":"ethusdt@aggTrade","data":{"e":"aggTrade","E":1721723316152,"a":1709036365,"s":"ETHUSDT","p":"3488.62","q":"2.510","f":4229246182,"l":4229246182,"T":1721723316149,"m":false}}
2024-07-23T16:28:36.082920Z info 8080 {"stream":"ethusdt@aggTrade","data":{"e":"aggTrade","E":1721723316152,"a":1709036366,"s":"ETHUSDT","p":"3488.63","q":"0.038","f":4229246183,"l":4229246186,"T":1721723316149,"m":false}}
2024-07-23T16:28:36.082956Z info 8080 {"stream":"ethusdt@aggTrade","data":{"e":"aggTrade","E":1721723316152,"a":1709036367,"s":"ETHUSDT","p":"3488.64","q":"0.015","f":4229246187,"l":4229246187,"T":1721723316149,"m":false}}
2024-07-23T16:28:36.082996Z info 8080 {"stream":"ethusdt@aggTrade","data":{"e":"aggTrade","E":1721723316152,"a":1709036368,"s":"ETHUSDT","p":"3488.65","q":"0.007","f":4229246188,"l":4229246188,"T":1721723316149,"m":false}}
2024-07-23T16:28:36.083165Z info 8080 {"stream":"ethusdt@aggTrade","data":{"e":"aggTrade","E":1721723316152,"a":1709036369,"s":"ETHUSDT","p":"3488.66","q":"0.860","f":4229246189,"l":4229246193,"T":1721723316149,"m":false}}
2024-07-23T16:28:36.083201Z info 8080 {"stream":"ethusdt@aggTrade","data":{"e":"aggTrade","E":1721723316153,"a":1709036370,"s":"ETHUSDT","p":"3488.67","q":"0.071","f":4229246194,"l":4229246195,"T":1721723316150,"m":false}}
2024-07-23T16:28:36.083245Z info 8080 {"stream":"ethusdt@aggTrade","data":{"e":"aggTrade","E":1721723316153,"a":1709036371,"s":"ETHUSDT","p":"3488.68","q":"0.030","f":4229246196,"l":4229246197,"T":1721723316150,"m":false}}
2024-07-23T16:28:36.083301Z info 8080 {"stream":"ethusdt@aggTrade","data":{"e":"aggTrade","E":1721723316153,"a":1709036372,"s":"ETHUSDT","p":"3488.69","q":"0.624","f":4229246198,"l":4229246202,"T":1721723316150,"m":false}}
2024-07-23T16:28:36.083334Z info 8080 {"stream":"ethusdt@aggTrade","data":{"e":"aggTrade","E":1721723316153,"a":1709036373,"s":"ETHUSDT","p":"3488.70","q":"0.006","f":4229246203,"l":4229246203,"T":1721723316150,"m":false}}
2024-07-23T16:28:36.085229Z info 8080 {"stream":"ethusdt@aggTrade","data":{"e":"aggTrade","E":1721723316153,"a":1709036374,"s":"ETHUSDT","p":"3488.71","q":"0.024","f":4229246204,"l":4229246205,"T":1721723316151,"m":false}}
2024-07-23T16:28:36.085251Z info 8080 {"stream":"ethusdt@aggTrade","data":{"e":"aggTrade","E":1721723316153,"a":1709036375,"s":"ETHUSDT","p":"3488.72","q":"0.015","f":4229246206,"l":4229246206,"T":1721723316151,"m":false}}
2024-07-23T16:28:36.085272Z info 8080 {"stream":"ethusdt@aggTrade","data":{"e":"aggTrade","E":1721723316154,"a":1709036376,"s":"ETHUSDT","p":"3488.73","q":"1.719","f":4229246207,"l":4229246208,"T":1721723316151,"m":false}}
2024-07-23T16:28:36.085296Z info 8080 {"stream":"ethusdt@aggTrade","data":{"e":"aggTrade","E":1721723316154,"a":1709036377,"s":"ETHUSDT","p":"3488.74","q":"1.738","f":4229246209,"l":4229246212,"T":1721723316151,"m":false}}
2024-07-23T16:28:36.085303Z info 8080 {"stream":"ethusdt@aggTrade","data":{"e":"aggTrade","E":1721723316154,"a":1709036378,"s":"ETHUSDT","p":"3488.75","q":"0.542","f":4229246213,"l":4229246217,"T":1721723316151,"m":false}}
2024-07-23T16:28:36.085309Z info 8080 {"stream":"ethusdt@aggTrade","data":{"e":"aggTrade","E":1721723316154,"a":1709036379,"s":"ETHUSDT","p":"3488.76","q":"0.082","f":4229246218,"l":4229246220,"T":1721723316151,"m":false}}
2024-07-23T16:28:36.085314Z info 8080 {"stream":"ethusdt@aggTrade","data":{"e":"aggTrade","E":1721723316154,"a":1709036380,"s":"ETHUSDT","p":"3488.77","q":"0.173","f":4229246221,"l":4229246222,"T":1721723316151,"m":false}}
2024-07-23T16:28:36.085320Z info 8080 {"stream":"ethusdt@aggTrade","data":{"e":"aggTrade","E":1721723316154,"a":1709036381,"s":"ETHUSDT","p":"3488.78","q":"0.578","f":4229246223,"l":4229246226,"T":1721723316151,"m":false}}
2024-07-23T16:28:36.101169Z info 8080 {"stream":"ethusdt@aggTrade","data":{"e":"aggTrade","E":1721723316171,"a":1709036382,"s":"ETHUSDT","p":"3488.79","q":"5.192","f":4229246227,"l":4229246238,"T":1721723316151,"m":false}}
2024-07-23T16:28:36.101205Z info 8080 {"stream":"ethusdt@aggTrade","data":{"e":"aggTrade","E":1721723316171,"a":1709036383,"s":"ETHUSDT","p":"3488.80","q":"0.043","f":4229246239,"l":4229246241,"T":1721723316169,"m":false}}
2024-07-23T16:28:36.101236Z info 8080 {"stream":"ethusdt@aggTrade","data":{"e":"aggTrade","E":1721723316172,"a":1709036384,"s":"ETHUSDT","p":"3488.81","q":"0.009","f":4229246242,"l":4229246242,"T":1721723316169,"m":false}}
2024-07-23T16:28:36.101274Z info 8080 {"stream":"ethusdt@aggTrade","data":{"e":"aggTrade","E":1721723316172,"a":1709036385,"s":"ETHUSDT","p":"3488.82","q":"0.011","f":4229246243,"l":4229246243,"T":1721723316169,"m":false}}
2024-07-23T16:28:36.101305Z info 8080 {"stream":"ethusdt@aggTrade","data":{"e":"aggTrade","E":1721723316172,"a":1709036386,"s":"ETHUSDT","p":"3488.83","q":"0.104","f":4229246244,"l":4229246244,"T":1721723316169,"m":false}}
2024-07-23T16:28:36.101338Z info 8080 {"stream":"ethusdt@aggTrade","data":{"e":"aggTrade","E":1721723316172,"a":1709036387,"s":"ETHUSDT","p":"3488.84","q":"0.212","f":4229246245,"l":4229246249,"T":1721723316169,"m":false}}
2024-07-23T16:28:36.102080Z info 8080 {"stream":"ethusdt@aggTrade","data":{"e":"aggTrade","E":1721723316172,"a":1709036388,"s":"ETHUSDT","p":"3488.85","q":"0.006","f":4229246250,"l":4229246250,"T":1721723316169,"m":false}}
2024-07-23T16:28:36.102103Z info 8080 {"stream":"ethusdt@aggTrade","data":{"e":"aggTrade","E":1721723316172,"a":1709036389,"s":"ETHUSDT","p":"3488.87","q":"0.016","f":4229246251,"l":4229246252,"T":1721723316169,"m":false}}
2024-07-23T16:28:36.102109Z info 8080 {"stream":"ethusdt@aggTrade","data":{"e":"aggTrade","E":1721723316172,"a":1709036390,"s":"ETHUSDT","p":"3488.88","q":"0.939","f":4229246253,"l":4229246267,"T":1721723316169,"m":false}}
2024-07-23T16:28:36.102115Z info 8080 {"stream":"ethusdt@aggTrade","data":{"e":"aggTrade","E":1721723316172,"a":1709036391,"s":"ETHUSDT","p":"3488.89","q":"0.794","f":4229246268,"l":4229246273,"T":1721723316169,"m":false}}
2024-07-23T16:28:36.102122Z info 8080 {"stream":"ethusdt@aggTrade","data":{"e":"aggTrade","E":1721723316172,"a":1709036392,"s":"ETHUSDT","p":"3488.90","q":"0.007","f":4229246274,"l":4229246274,"T":1721723316170,"m":false}}
2024-07-23T16:28:36.102144Z info 8080 {"stream":"ethusdt@aggTrade","data":{"e":"aggTrade","E":1721723316172,"a":1709036393,"s":"ETHUSDT","p":"3488.91","q":"0.023","f":4229246275,"l":42292462