2024-07-23T16:13:38.112281Z info 7976 {"stream":"ethusdt@trade","data":{"e":"trade","E":1721722418188,"T":1721722418188,"s":"ETHUSDT","t":4229181278,"p":"3459.10","q":"0.015","X":"MARKET","m":true}}
2024-07-23T16:13:38.112324Z info 7976 {"stream":"ethusdt@trade","data":{"e":"trade","E":1721722418188,"T":1721722418188,"s":"ETHUSDT","t":4229181279,"p":"3459.10","q":"0.220","X":"MARKET","m":true}}
2024-07-23T16:13:38.114761Z info 7976 {"stream":"ethusdt@trade","data":{"e":"trade","E":1721722418191,"T":1721722418191,"s":"ETHUSDT","t":4229181280,"p":"3459.10","q":"0.008","X":"MARKET","m":true}}
2024-07-23T16:13:38.209677Z info 7976 {"stream":"xrpusdt@trade","data":{"e":"trade","E":1721722418287,"T":1721722418287,"s":"XRPUSDT","t":1535412628,"p":"0.5981","q":"8.9","X":"MARKET","m":false}}
2024-07-23T16:13:38.914978Z info 7976 {"stream":"ethusdt@trade","data":{"e":"trade","E":1721722418992,"T":1721722418991,"s":"ETHUSDT","t":4229181281,"p":"3459.11","q":"0.295","X":"MARKET","m":false}}
2024-07-23T16:13:38.915034Z info 7976 {"stream":"ethusdt@trade","data":{"e":"trade","E":1721722418992,"T":1721722418992,"s":"ETHUSDT","t":4229181282,"p":"3459.11","q":"4.035","X":"MARKET","m":false}}
2024-07-23T16:13:39.259529Z info 7976 {"stream":"ethusdt@trade","data":{"e":"trade","E":1721722419336,"T":1721722419336,"s":"ETHUSDT","t":4229181283,"p":"3459.10","q":"0.143","X":"MARKET","m":true}}
2024-07-23T16:13:39.552040Z info 7976 {"stream":"ethusdt@trade","data":{"e":"trade","E":1721722419628,"T":1721722419628,"s":"ETHUSDT","t":4229181284,"p":"3459.11","q":"0.022","X":"MARKET","m":false}}
2024-07-23T16:13:39.701772Z info 7976 {"stream":"ethusdt@trade","data":{"e":"trade","E":1721722419778,"T":1721722419777,"s":"ETHUSDT","t":4229181285,"p":"3459.11","q":"0.134","X":"MARKET","m":false}}
2024-07-23T16:13:39.947403Z info 7976 {"stream":"xrpusdt@trade","data":{"e":"trade","E":1721722420024,"T":1721722420024,"s":"XRPUSDT","t":1535412629,"p":"0.5980","q":"104.9","X":"MARKET","m":true}}
2024-07-23T16:13:39.947456Z info 7976 {"stream":"xrpusdt@trade","data":{"e":"trade","E":1721722420025,"T":1721722420024,"s":"XRPUSDT","t":1535412630,"p":"0.5980","q":"68.4","X":"MARKET","m":true}}
2024-07-23T16:13:40.193923Z info 7976 {"stream":"ethusdt@trade","data":{"e":"trade","E":1721722420271,"T":1721722420271,"s":"ETHUSDT","t":4229181286,"p":"3459.10","q":"0.016","X":"MARKET","m":true}}
2024-07-23T16:13:40.497459Z info 7976 {"stream":"ethusdt@trade","data":{"e":"trade","E":1721722420574,"T":1721722420574,"s":"ETHUSDT","t":4229181287,"p":"3459.11","q":"0.440","X":"MARKET","m":false}}
2024-07-23T16:13:40.498099Z info 7976 {"stream":"ethusdt@trade","data":{"e":"trade","E":1721722420575,"T":1721722420575,"s":"ETHUSDT","t":4229181288,"p":"3459.11","q":"0.240","X":"MARKET","m":false}}
2024-07-23T16:13:40.498134Z info 7976 {"stream":"ethusdt@trade","data":{"e":"trade","E":1721722420576,"T":1721722420575,"s":"ETHUSDT","t":4229181289,"p":"3459.11","q":"0.200","X":"MARKET","m":false}}
2024-07-23T16:13:40.557063Z info 7976 {"stream":"xrpusdt@trade","data":{"e":"trade","E":1721722420634,"T":1721722420634,"s":"XRPUSDT","t":1535412631,"p":"0.5980","q":"96.1","X":"MARKET","m":true}}
2024-07-23T16:13:40.557107Z info 7976 {"stream":"xrpusdt@trade","data":{"e":"trade","E":1721722420634,"T":1721722420634,"s":"XRPUSDT","t":1535412632,"p":"0.5980","q":"39.8","X":"MARKET","m":true}}
2024-07-23T16:13:40.610804Z info 7976 {"stream":"ethusdt@trade","data":{"e":"trade","E":1721722420688,"T":1721722420688,"s":"ETHUSDT","t":4229181290,"p":"3459.11","q":"0.271","X":"MARKET","m":false}}
2024-07-23T16:13:40.612573Z info 7976 {"stream":"ethusdt@trade","data":{"e":"trade","E":1721722420690,"T":1721722420689,"s":"ETHUSDT","t":4229181291,"p":"3459.11","q":"0.576","X":"MARKET","m":false}}
2024-07-23T16:13:40.648800Z info 7976 {"stream":"xrpusdt@trade","data":{"e":"trade","E":1721722420726,"T":1721722420726,"s":"XRPUSDT","t":1535412633,"p":"0.5981","q":"835.9","X":"MARKET","m":false}}
2024-07-23T16:13:40.804884Z info 7976 {"stream":"xrpusdt@trade","data":{"e":"trade","E":1721722420880,"T":1721722420880,"s":"XRPUSDT","t":1535412634,"p":"0.5981","q":"1891.7","X":"MARKET","m":false}}
2024-07-23T16:13:40.804928Z info 7976 {"stream":"xrpusdt@trade","data":{"e":"trade","E":1721722420880,"T":1721722420880,"s":"XRPUSDT","t":1535412635,"p":"0.5981","q":"2217.1","X":"MARKET","m":false}}
2024-07-23T16:13:40.804934Z info 7976 {"stream":"xrpusdt@trade","data":{"e":"trade","E":1721722420880,"T":1721722420880,"s":"XRPUSDT","t":1535412636,"p":"0.5981","q":"74.7","X":"MARKET","m":false}}
2024-07-23T16:13:40.804958Z info 7976 {"stream":"xrpusdt@trade","data":{"e":"trade","E":1721722420880,"T":1721722420880,"s":"XRPUSDT","t":1535412637,"p":"0.5981","q":"105.2","X":"MARKET","m":false}}
2024-07-23T16:13:40.804979Z info 7976 {"stream":"xrpusdt@trade","data":{"e":"trade","E":1721722420880,"T":1721722420880,"s":"XRPUSDT","t":1535412638,"p":"0.5981","q":"664.2","X":"MARKET","m":false}}
2024-07-23T16:13:40.804985Z info 7976 {"stream":"xrpusdt@trade","data":{"e":"trade","E":1721722420880,"T":1721722420880,"s":"XRPUSDT","t":1535412639,"p":"0.5981","q":"102.5","X":"MARKET","m":false}}
2024-07-23T16:13:40.804990Z info 7976 {"stream":"xrpusdt@trade","data":{"e":"trade","E":1721722420880,"T":1721722420880,"s":"XRPUSDT","t":1535412640,"p":"0.5981","q":"74.2","X":"MARKET","m":false}}
2024-07-23T16:13:40.804995Z info 7976 {"stream":"xrpusdt@trade","data":{"e":"trade","E":1721722420880,"T":1721722420880,"s":"XRPUSDT","t":1535412641,"p":"0.5981","q":"100.9","X":"MARKET","m":false}}
2024-07-23T16:13:40.805016Z info 7976 {"stream":"xrpusdt@trade","data":{"e":"trade","E":1721722420880,"T":1721722420880,"s":"XRPUSDT","t":1535412642,"p":"0.5981","q":"71.0","X":"MARKET","m":false}}
2024-07-23T16:13:40.805044Z info 7976 {"stream":"xrpusdt@trade","data":{"e":"trade","E":1721722420880,"T":1721722420880,"s":"XRPUSDT","t":1535412643,"p":"0.5981","q":"20.0","X":"MARKET","m":false}}
2024-07-23T16:13:40.805064Z info 7976 {"stream":"xrpusdt@trade","data":{"e":"trade","E":1721722420880,"T":1721722420880,"s":"XRPUSDT","t":1535412644,"p":"0.5981","q":"8.8","X":"MARKET","m":false}}
2024-07-23T16:13:40.805086Z info 7976 {"stream":"xrpusdt@trade","data":{"e":"trade","E":1721722420880,"T":1721722420880,"s":"XRPUSDT","t":1535412645,"p":"0.5981","q":"8104.7","X":"MARKET","m":false}}
2024-07-23T16:13:40.805107Z info 7976 {"stream":"xrpusdt@trade","data":{"e":"trade","E":1721722420880,"T":1721722420880,"s":"XRPUSDT","t":1535412646,"p":"0.5981","q":"104.7","X":"MARKET","m":false}}
2024-07-23T16:13:40.805128Z info 7976 {"stream":"xrpusdt@trade","data":{"e":"trade","E":1721722420880,"T":1721722420880,"s":"XRPUSDT","t":1535412647,"p":"0.5981","q":"69.4","X":"MARKET","m":false}}
2024-07-23T16:13:40.805134Z info 7976 {"stream":"xrpusdt@trade","data":{"e":"trade","E":1721722420880,"T":1721722420880,"s":"XRPUSDT","t":1535412648,"p":"0.5981","q":"112.6","X":"MARKET","m":false}}
2024-07-23T16:13:40.805155Z info 7976 {"stream":"xrpusdt@trade","data":{"e":"trade","E":1721722420880,"T":1721722420880,"s":"XRPUSDT","t":1535412649,"p":"0.5981","q":"27.6","X":"MARKET","m":false}}
2024-07-23T16:13:40.805191Z info 7976 {"stream":"xrpusdt@trade","data":{"e":"trade","E":1721722420880,"T":1721722420880,"s":"XRPUSDT","t":1535412650,"p":"0.5981","q":"817.7","X":"MARKET","m":false}}
2024-07-23T16:13:40.805212Z info 7976 {"stream":"xrpusdt@trade","data":{"e":"trade","E":1721722420880,"T":1721722420880,"s":"XRPUSDT","t":1535412651,"p":"0.5981","q":"17.8","X":"MARKET","m":false}}
2024-07-23T16:13:40.805233Z info 7976 {"stream":"xrpusdt@trade","data":{"e":"trade","E":1721722420880,"T":1721722420880,"s":"XRPUSDT","t":1535412652,"p":"0.5981","q":"122.4","X":"MARKET","m":false}}
2024-07-23T16:13:40.805255Z info 7976 {"stream":"xrpusdt@trade","data":{"e":"trade","E":1721722420880,"T":1721722420880,"s":"XRPUSDT","t":1535412653,"p":"0.5981","q":"72.5","X":"MARKET","m":false}}
2024-07-23T16:13:40.805276Z info 7976 {"stream":"xrpusdt@trade","data":{"e":"trade","E":1721722420880,"T":1721722420880,"s":"XRPUSDT","t":1535412654,"p":"0.5981","q":"40.7","X":"MARKET","m":false}}
2024-07-23T16:13:40.805297Z info 7976 {"stream":"xrpusdt@trade","data":{"e":"trade","E":1721722420880,"T":1721722420880,"s":"XRPUSDT","t":1535412655,"p":"0.5981","q":"73.1","X":"MARKET","m":false}}
2024-07-23T16:13:40.805317Z info 7976 {"stream":"xrpusdt@trade","data":{"e":"trade","E":1721722420880,"T":1721722420880,"s":"XRPUSDT","t":1535412656,"p":"0.5981","q":"104.2","X":"MARKET","m":false}}
2024-07-23T16:13:40.805324Z info 7976 {"stream":"xrpusdt@trade","data":{"e":"trade","E":1721722420880,"T":1721722420880,"s":"XRPUSDT","t":1535412657,"p":"0.5981","q":"71.3","X":"MARKET","m":false}}
2024-07-23T16:13:40.805329Z info 7976 {"stream":"xrpusdt@trade","data":{"e":"trade","E":1721722420880,"T":1721722420880,"s":"XRPUSDT","t":1535412658,"p":"0.5981","q":"107.4","X":"MARKET","m":false}}
2024-07-23T16:13:40.892941Z info 7976 {"stream":"ethusdt@trade","data":{"e":"trade","E":1721722420969,"T":1721722420969,"s":"ETHUSDT","t":4229181292,"p":"3459.10","q":"0.203","X":"MARKET","m":true}}
2024-07-23T16:13:40.893012Z info 7976 {"stream":"ethusdt@trade","data":{"e":"trade","E":1721722420969,"T":1721722420969,"s":"ETHUSDT","t":4229181293,"p":"3459.10","q":"3.527","X":"MARKET","m":true}}
2024-07-23T16:13:40.893046Z info 7976 {"stream":"ethusdt@trade","data":{"e":"trade","E":1721722420969,"T":1721722420969,"s":"ETHUSDT","t":4229181294,"p":"3459.10","q":"0.112","X":"MARKET","m":true}}
2024-07-23T16:13:40.893077Z info 7976 {"stream":"ethusdt@trade","data":{"e":"trade","E":1721722420969,"T":1721722420969,"s":"ETHUSDT","t":4229181295,"p":"3459.10","q":"4.225","X":"MARKET","m":true}}
2024-07-23T16:13:40.893109Z info 7976 {"stream":"ethusdt@trade","data":{"e":"trade","E":1721722420969,"T":1721722420969,"s":"ETHUSDT","t":4229181296,"p":"3459.10","q":"6.946","X":"MARKET","m":true}}
2024-07-23T16:13:41.013552Z info 7976 {"stream":"ethusdt@trade","data":{"e":"trade","E":1721722421090,"T":1721722421090,"s":"ETHUSDT","t":4229181297,"p":"3459.11","q":"0.001","X":"MARKET","m":false}}
2024-07-23T16:13:41.119000Z info 7976 {"stream":"ethusdt@trade","data":{"e":"trade","E":1721722421196,"T":1721722421196,"s":"ETHUSDT","t":4229181298,"p":"3459.11","q":"6.756","X":"MARKET","m":false}}
2024-07-23T16:13:41.119040Z info 7976 {"stream":"ethusdt@trade","data":{"e":"trade","E":1721722421196,"T":1721722421196,"s":"ETHUSDT","t":4229181299,"p":"3459.11","q":"8.450","X":"MARKET","m":false}}
2024-07-23T16:13:41.119061Z info 7976 {"stream":"ethusdt@trade","data":{"e":"trade","E":1721722421196,"T":1721722421196,"s":"ETHUSDT","t":4229181300,"p":"3459.11","q":"1.400","X":"MARKET","m":false}}
2024-07-23T16:13:41.119082Z info 7976 {"stream":"ethusdt@trade","data":{"e":"trade","E":1721722421196,"T":1721722421196,"s":"ETHUSDT","t":4229181301,"p":"3459.11","q":"0.129","X":"MARKET","m":false}}
2024-07-23T16:13:41.119091Z info 7976 {"stream":"ethusdt@trade","data":{"e":"trade","E":1721722421196,"T":1721722421196,"s":"ETHUSDT","t":4229181302,"p":"3459.11","q":"0.307","X":"MARKET","m":false}}
2024-07-23T16:13:41.119113Z info 7976 {"stream":"ethusdt@trade","data":{"e":"trade","E":1721722421196,"T":1721722421196,"s":"ETHUSDT","t":4229181303,"p":"3459.11","q":"0.011","X":"MARKET","m":false}}
2024-07-23T16:13:41.119118Z info 7976 {"stream":"ethusdt@trade","data":{"e":"trade","E":1721722421196,"T":1721722421196,"s":"ETHUSDT","t":4229181304,"p":"3459.11","q":"0.301","X":"MARKET","m":false}}
2024-07-23T16:13:41.119140Z info 7976 {"stream":"ethusdt@trade","data":{"e":"trade","E":1721722421196,"T":1721722421196,"s":"ETHUSDT","t":4229181305,"p":"3459.11","q":"1.049","X":"MARKET","m":false}}
2024-07-23T16:13:41.119160Z info 7976 {"stream":"ethusdt@trade","data":{"e":"trade","E":1721722421196,"T":1721722421196,"s":"ETHUSDT","t":4229181306,"p":"3459.11","q":"0.348","X":"MARKET","m":false}}
2024-07-23T16:13:41.119168Z info 7976 {"stream":"ethusdt@trade","data":{"e":"trade","E":1721722421196,"T":1721722421196,"s":"ETHUSDT","t":4229181307,"p":"3459.11","q":"2.819","X":"MARKET","m":false}}
2024-07-23T16:13:41.119189Z info 7976 {"stream":"ethusdt@trade","data":{"e":"trade","E":1721722421196,"T":1721722421196,"s":"ETHUSDT","t":4229181308,"p":"3459.11","q":"1.914","X":"MARKET","m":false}}
2024-07-23T16:13:41.119210Z info 7976 {"stream":"ethusdt@trade","data":{"e":"trade","E":1721722421196,"T":1721722421196,"s":"ETHUSDT","t":4229181309,"p":"3459.11","q":"0.229","X":"MARKET","m":false}}
2024-07-23T16:13:41.120383Z info 7976 {"stream":"ethusdt@trade","data":{"e":"trade","E":1721722421196,"T":1721722421196,"s":"ETHUSDT","t":4229181310,"p":"3459.11","q":"0.007","X":"MARKET","m":false}}
2024-07-23T16:13:41.120412Z info 7976 {"stream":"ethusdt@trade","data":{"e":"trade","E":1721722421196,"T":1721722421196,"s":"ETHUSDT","t":4229181311,"p":"3459.11","q":"0.297","X":"MARKET","m":false}}
2024-07-23T16:13:41.120419Z info 7976 {"stream":"ethusdt@trade","data":{"e":"trade","E":1721722421196,"T":1721722421196,"s":"ETHUSDT","t":4229181312,"p":"3459.11","q":"0.170","X":"MARKET","m":false}}
2024-07-23T16:13:41.120427Z info 7976 {"stream":"ethusdt@trade","data":{"e":"trade","E":1721722421196,"T":1721722421196,"s":"ETHUSDT","t":4229181313,"p":"3459.11","q":"1.754","X":"MARKET","m":false}}
2024-07-23T16:13:41.120448Z info 7976 {"stream":"ethusdt@trade","data":{"e":"trade","E":1721722421196,"T":1721722421196,"s":"ETHUSDT","t":4229181314,"p":"3459.11","q":"0.009","X":"MARKET","m":false}}
2024-07-23T16:13:41.120454Z info 7976 {"stream":"ethusdt@trade","data":{"e":"trade","E":1721722421196,"T":1721722421196,"s":"ETHUSDT","t":4229181315,"p":"3459.11","q":"0.006","X":"MARKET","m":false}}
2024-07-23T16:13:41.120475Z info 7976 {"stream":"ethusdt@trade","data":{"e":"trade","E":1721722421196,"T":1721722421196,"s":"ETHUSDT","t":4229181316,"p":"3459.11","q":"0.022","X":"MARKET","m":false}}
2024-07-23T16:13:41.120482Z info 7976 {"stream":"ethusdt@trade","data":{"e":"trade","E":1721722421196,"T":1721722421196,"s":"ETHUSDT","t":4229181317,"p":"3459.11","q":"1.961","X":"MARKET","m":false}}
2024-07-23T16:13:41.120504Z info 7976 {"stream":"ethusdt@trade","data":{"e":"trade","E":1721722421196,"T":1721722421196,"s":"ETHUSDT","t":4229181318,"p":"3459.11","q":"0.094","X":"MARKET","m":false}}
2024-07-23T16:13:41.120525Z info 7976 {"stream":"ethusdt@trade","data":{"e":"trade","E":1721722421196,"T":1721722421196,"s":"ETHUSDT","t":4229181319,"p":"3459.11","q":"0.007","X":"MARKET","m":false}}
2024-07-23T16:13:41.120532Z info 7976 {"stream":"ethusdt@trade","data":{"e":"trade","E":1721722421196,"T":1721722421196,"s":"ETHUSDT","t":4229181320,"p":"3459.11","q":"0.126","X":"MARKET","m":false}}
2024-07-23T16:13:41.120553Z info 7976 {"stream":"ethusdt@trade","data":{"e":"trade","E":1721722421196,"T":1721722421196,"s":"ETHUSDT","t":4229181321,"p":"3459.11","q":"0.136","X":"MARKET","m":false}}
2024-07-23T16:13:41.120559Z info 7976 {"stream":"ethusdt@trade","data":{"e":"trade","E":1721722421196,"T":1721722421196,"s":"ETHUSDT","t":4229181322,"p":"3459.11","q":"0.205","X":"MARKET","m":false}}
2024-07-23T16:13:41.120564Z info 7976 {"stream":"ethusdt@trade","data":{"e":"trade","E":1721722421196,"T":1721722421196,"s":"ETHUSDT","t":4229181323,"p":"3459.11","q":"2.337","X":"MARKET","m":false}}
2024-07-23T16:13:41.120569Z info 7976 {"stream":"ethusdt@trade","data":{"e":"trade","E":1721722421196,"T":1721722421196,"s":"ETHUSDT","t":4229181324,"p":"3459.11","q":"0.009","X":"MARKET","m":false}}
2024-07-23T16:13:41.120573Z info 7976 {"stream":"ethusdt@trade","data":{"e":"trade","E":1721722421196,"T":1721722421196,"s":"ETHUSDT","t":4229181325,"p":"3459.11","q":"2.000","X":"MARKET","m":false}}
2024-07-23T16:13:41.120578Z info 7976 {"stream":"ethusdt@trade","data":{"e":"trade","E":1721722421196,"T":1721722421196,"s":"ETHUSDT","t":4229181326,"p":"3459.11","q":"0.433","X":"MARKET","m":false}}
2024-07-23T16:13:41.120585Z info 7976 {"stream":"ethusdt@trade","data":{"e":"trade","E":1721722421196,"T":1721722421196,"s":"ETHUSDT","t":4229181327,"p":"3459.11","q":"2.890","X":"MARKET","m":false}}
2024-07-23T16:13:41.120590Z info 7976 {"stream":"ethusdt@trade","data":{"e":"trade","E":1721722421196,"T":1721722421196,"s":"ETHUSDT","t":4229181328,"p":"3459.11","q":"0.228","X":"MARKET","m":false}}
2024-07-23T16:13:41.122744Z info 7976 {"stream":"ethusdt@trade","data":{"e":"trade","E":1721722421200,"T":1721722421200,"s":"ETHUSDT","t":4229181329,"p":"3459.11","q":"0.007","X":"MARKET","m":false}}
2024-07-23T16:13:41.515193Z info 7976 {"stream":"ethusdt@trade","data":{"e":"trade","E":1721722421591,"T":1721722421591,"s":"ETHUSDT","t":4229181330,"p":"3459.11","q":"0.228","X":"MARKET","m":false}}
2024-07-23T16:13:41.515240Z info 7976 {"stream":"ethusdt@trade","data":{"e":"trade","E":1721722421591,"T":1721722421591,"s":"ETHUSDT","t":4229181331,"p":"3459.11","q":"0.034","X":"MARKET","m":false}}
2024-07-23T16:13:41.515247Z info 7976 {"stream":"ethusdt@trade","data":{"e":"trade","E":1721722421591,"T":1721722421591,"s":"ETHUSDT","t":4229181332,"p":"3459.11","q":"0.038","X":"MARKET","m":false}}
2024-07-23T16:13:41.515253Z info 7976 {"stream":"ethusdt@trade","data":{"e":"trade","E":1721722421591,"T":1721722421591,"s":"ETHUSDT","t":4229181333,"p":"3459.11","q":"0.018","X":"MARKET","m":false}}
2024-07-23T16:13:41.515258Z info 7976 {"stream":"ethusdt@trade","data":{"e":"trade","E":1721722421591,"T":1721722421591,"s":"ETHUSDT","t":4229181334,"p":"3459.11","q":"0.152","X":"MARKET","m":false}}
2024-07-23T16:13:41.515263Z info 7976 {"stream":"ethusdt@trade","data":{"e":"trade","E":1721722421591,"T":1721722421591,"s":"ETHUSDT","t":4229181335,"p":"3459.11","q":"0.471","X":"MARKET","m":false}}
2024-07-23T16:13:41.515269Z info 7976 {"stream":"ethusdt@trade","data":{"e":"trade","E":1721722421591,"T":1721722421591,"s":"ETHUSDT","t":4229181336,"p":"3459.11","q":"0.472","X":"MARKET","m":false}}
2024-07-23T16:13:41.515290Z info 7976 {"stream":"ethusdt@trade","data":{"e":"trade","E":1721722421591,"T":1721722421591,"s":"ETHUSDT","t":4229181337,"p":"3459.11","q":"0.473","X":"MARKET","m":false}}
2024-07-23T16:13:41.515298Z info 7976 {"stream":"ethusdt@trade","data":{"e":"trade","E":1721722421591,"T":1721722421591,"s":"ETHUSDT","t":4229181338,"p":"3459.11","q":"0.474","X":"MARKET","m":false}}
2024-07-23T16:13:41.581914Z info 7976 {"stream":"xrpusdt@trade","data":{"e":"trade","E":1721722421658,"T":1721722421658,"s":"XRPUSDT","t":1535412659,"p":"0.5981","q":"434.7","X":"MARKET","m":true}}
2024-07-23T16:13:41.758414Z info 7976 {"stream":"xrpusdt@trade","data":{"e":"trade","E":1721722421835,"T":1721722421835,"s":"XRPUSDT","t":1535412660,"p":"0.5981","q":"30.5","X":"MARKET","m":true}}
2024-07-23T16:13:41.947115Z info 7976 {"stream":"ethusdt@trade","data":{"e":"trade","E":1721722422025,"T":1721722422024,"s":"ETHUSDT","t":4229181339,"p":"3459.10","q":"0.036","X":"MARKET","m":true}}
2024-07-23T16:13:41.948274Z info 7976 {"stream":"ethusdt@trade","data":{"e":"trade","E":1721722422025,"T":1721722422024,"s":"ETHUSDT","t":4229181340,"p":"3459.10","q":"2.890","X":"MARKET","m":true}}
2024-07-23T16:13:41.948309Z info 7976 {"stream":"ethusdt@trade","data":{"e":"trade","E":1721722422025,"T":1721722422024,"s":"ETHUSDT","t":4229181341,"p":"3459.10","q":"0.006","X":"MARKET","m":true}}
2024-07-23T16:13:41.948341Z info 7976 {"stream":"ethusdt@trade","data":{"e":"trade","E":1721722422025,"T":1721722422024,"s":"ETHUSDT","t":4229181342,"p":"3459.10","q":"0.135","X":"MARKET","m":true}}
2024-07-23T16:13:41.948374Z info 7976 {"stream":"ethusdt@trade","data":{"e":"trade","E":1721722422025,"T":1721722422024,"s":"ETHUSDT","t":4229181343,"p":"3459.10","q":"0.016","X":"MARKET","m":true}}
2024-07-23T16:13:41.948396Z info 7976 {"stream":"ethusdt@trade","data":{"e":"trade","E":1721722422025,"T":1721722422024,"s":"ETHUSDT","t":4229181344,"p":"3459.10","q":"0.378","X":"MARKET","m":true}}
2024-07-23T16:13:42.689656Z info 7976 {"stream":"ethusdt@trade","data":{"e":"trade","E":1721722422766,"T":1721722422766,"s":"ETHUSDT","t":4229181345,"p":"3459.10","q":"1.736","X":"MARKET","m":true}}
2024-07-23T16:13:42.815844Z info 7976 {"stream":"xrpusdt@trade","data":{"e":"trade","E":1721722422892,"T":1721722422892,"s":"XRPUSDT","t":1535412661,"p":"0.5982","q":"33.6","X":"MARKET","m":false}}
2024-07-23T16:13:42.832492Z info 7976 {"stream":"ethusdt@trade","data":{"e":"trade","E":1721722422910,"T":1721722422909,"s":"ETHUSDT","t":4229181346,"p":"