2024-07-23T16:24:26.879820Z info 8027 {"stream":"ethusdt@trade","data":{"e":"trade","E":1721723066951,"T":1721723066951,"s":"ETHUSDT","t":4229210717,"p":"3473.94","q":"0.011","X":"MARKET","m":true}}
2024-07-23T16:24:26.910796Z info 8027 {"stream":"ethusdt@trade","data":{"e":"trade","E":1721723066982,"T":1721723066981,"s":"ETHUSDT","t":4229210718,"p":"3473.95","q":"0.813","X":"MARKET","m":false}}
2024-07-23T16:24:26.957857Z info 8027 {"stream":"ethusdt@trade","data":{"e":"trade","E":1721723067029,"T":1721723067028,"s":"ETHUSDT","t":4229210719,"p":"3473.95","q":"0.575","X":"MARKET","m":false}}
2024-07-23T16:24:26.963935Z info 8027 {"stream":"ethusdt@trade","data":{"e":"trade","E":1721723067035,"T":1721723067034,"s":"ETHUSDT","t":4229210720,"p":"3473.95","q":"0.010","X":"MARKET","m":false}}
2024-07-23T16:24:26.963973Z info 8027 {"stream":"ethusdt@trade","data":{"e":"trade","E":1721723067035,"T":1721723067034,"s":"ETHUSDT","t":4229210721,"p":"3473.95","q":"2.202","X":"MARKET","m":false}}
2024-07-23T16:24:26.964005Z info 8027 {"stream":"ethusdt@trade","data":{"e":"trade","E":1721723067035,"T":1721723067034,"s":"ETHUSDT","t":4229210722,"p":"3473.95","q":"0.798","X":"MARKET","m":false}}
2024-07-23T16:24:26.964037Z info 8027 {"stream":"ethusdt@trade","data":{"e":"trade","E":1721723067035,"T":1721723067034,"s":"ETHUSDT","t":4229210723,"p":"3473.95","q":"4.958","X":"MARKET","m":false}}
2024-07-23T16:24:26.964069Z info 8027 {"stream":"ethusdt@trade","data":{"e":"trade","E":1721723067035,"T":1721723067034,"s":"ETHUSDT","t":4229210724,"p":"3473.95","q":"2.878","X":"MARKET","m":false}}
2024-07-23T16:24:26.964102Z info 8027 {"stream":"ethusdt@trade","data":{"e":"trade","E":1721723067035,"T":1721723067034,"s":"ETHUSDT","t":4229210725,"p":"3473.95","q":"6.733","X":"MARKET","m":false}}
2024-07-23T16:24:26.964139Z info 8027 {"stream":"ethusdt@trade","data":{"e":"trade","E":1721723067035,"T":1721723067034,"s":"ETHUSDT","t":4229210726,"p":"3473.95","q":"0.027","X":"MARKET","m":false}}
2024-07-23T16:24:26.964172Z info 8027 {"stream":"ethusdt@trade","data":{"e":"trade","E":1721723067035,"T":1721723067034,"s":"ETHUSDT","t":4229210727,"p":"3473.95","q":"0.312","X":"MARKET","m":false}}
2024-07-23T16:24:26.964203Z info 8027 {"stream":"ethusdt@trade","data":{"e":"trade","E":1721723067035,"T":1721723067034,"s":"ETHUSDT","t":4229210728,"p":"3473.95","q":"0.028","X":"MARKET","m":false}}
2024-07-23T16:24:26.964234Z info 8027 {"stream":"ethusdt@trade","data":{"e":"trade","E":1721723067035,"T":1721723067034,"s":"ETHUSDT","t":4229210729,"p":"3473.95","q":"0.003","X":"MARKET","m":false}}
2024-07-23T16:24:26.964265Z info 8027 {"stream":"ethusdt@trade","data":{"e":"trade","E":1721723067035,"T":1721723067034,"s":"ETHUSDT","t":4229210730,"p":"3473.95","q":"0.500","X":"MARKET","m":false}}
2024-07-23T16:24:26.964297Z info 8027 {"stream":"ethusdt@trade","data":{"e":"trade","E":1721723067035,"T":1721723067034,"s":"ETHUSDT","t":4229210731,"p":"3473.95","q":"0.861","X":"MARKET","m":false}}
2024-07-23T16:24:26.964328Z info 8027 {"stream":"ethusdt@trade","data":{"e":"trade","E":1721723067035,"T":1721723067034,"s":"ETHUSDT","t":4229210732,"p":"3473.94","q":"1.000","X":"MARKET","m":true}}
2024-07-23T16:24:26.964352Z info 8027 {"stream":"ethusdt@trade","data":{"e":"trade","E":1721723067035,"T":1721723067034,"s":"ETHUSDT","t":4229210733,"p":"3473.94","q":"0.729","X":"MARKET","m":true}}
2024-07-23T16:24:26.964359Z info 8027 {"stream":"ethusdt@trade","data":{"e":"trade","E":1721723067035,"T":1721723067034,"s":"ETHUSDT","t":4229210734,"p":"3473.95","q":"4.435","X":"MARKET","m":false}}
2024-07-23T16:24:26.964379Z info 8027 {"stream":"ethusdt@trade","data":{"e":"trade","E":1721723067035,"T":1721723067034,"s":"ETHUSDT","t":4229210735,"p":"3473.95","q":"1.714","X":"MARKET","m":false}}
2024-07-23T16:24:26.964400Z info 8027 {"stream":"ethusdt@trade","data":{"e":"trade","E":1721723067035,"T":1721723067034,"s":"ETHUSDT","t":4229210736,"p":"3473.95","q":"0.970","X":"MARKET","m":false}}
2024-07-23T16:24:26.964406Z info 8027 {"stream":"ethusdt@trade","data":{"e":"trade","E":1721723067035,"T":1721723067035,"s":"ETHUSDT","t":4229210737,"p":"3473.94","q":"0.020","X":"MARKET","m":true}}
2024-07-23T16:24:26.964411Z info 8027 {"stream":"ethusdt@trade","data":{"e":"trade","E":1721723067035,"T":1721723067035,"s":"ETHUSDT","t":4229210738,"p":"3473.95","q":"1.000","X":"MARKET","m":false}}
2024-07-23T16:24:26.964415Z info 8027 {"stream":"ethusdt@trade","data":{"e":"trade","E":1721723067035,"T":1721723067035,"s":"ETHUSDT","t":4229210739,"p":"3473.95","q":"1.434","X":"MARKET","m":false}}
2024-07-23T16:24:26.964420Z info 8027 {"stream":"ethusdt@trade","data":{"e":"trade","E":1721723067035,"T":1721723067035,"s":"ETHUSDT","t":4229210740,"p":"3473.94","q":"2.846","X":"MARKET","m":true}}
2024-07-23T16:24:26.964424Z info 8027 {"stream":"ethusdt@trade","data":{"e":"trade","E":1721723067035,"T":1721723067035,"s":"ETHUSDT","t":4229210741,"p":"3473.94","q":"0.021","X":"MARKET","m":true}}
2024-07-23T16:24:26.964480Z info 8027 {"stream":"ethusdt@trade","data":{"e":"trade","E":1721723067035,"T":1721723067035,"s":"ETHUSDT","t":4229210742,"p":"3473.94","q":"0.046","X":"MARKET","m":true}}
2024-07-23T16:24:27.039004Z info 8027 {"stream":"ethusdt@trade","data":{"e":"trade","E":1721723067035,"T":1721723067035,"s":"ETHUSDT","t":4229210743,"p":"3473.95","q":"0.405","X":"MARKET","m":false}}
2024-07-23T16:24:27.039046Z info 8027 {"stream":"ethusdt@trade","data":{"e":"trade","E":1721723067035,"T":1721723067035,"s":"ETHUSDT","t":4229210744,"p":"3473.95","q":"0.866","X":"MARKET","m":false}}
2024-07-23T16:24:27.039059Z info 8027 {"stream":"ethusdt@trade","data":{"e":"trade","E":1721723067035,"T":1721723067035,"s":"ETHUSDT","t":4229210745,"p":"3473.95","q":"5.465","X":"MARKET","m":false}}
2024-07-23T16:24:27.039099Z info 8027 {"stream":"ethusdt@trade","data":{"e":"trade","E":1721723067035,"T":1721723067035,"s":"ETHUSDT","t":4229210746,"p":"3473.95","q":"5.788","X":"MARKET","m":false}}
2024-07-23T16:24:27.039130Z info 8027 {"stream":"ethusdt@trade","data":{"e":"trade","E":1721723067035,"T":1721723067035,"s":"ETHUSDT","t":4229210747,"p":"3473.95","q":"0.972","X":"MARKET","m":false}}
2024-07-23T16:24:27.039163Z info 8027 {"stream":"ethusdt@trade","data":{"e":"trade","E":1721723067035,"T":1721723067035,"s":"ETHUSDT","t":4229210748,"p":"3473.95","q":"0.119","X":"MARKET","m":false}}
2024-07-23T16:24:27.039195Z info 8027 {"stream":"ethusdt@trade","data":{"e":"trade","E":1721723067035,"T":1721723067035,"s":"ETHUSDT","t":4229210749,"p":"3473.95","q":"1.694","X":"MARKET","m":false}}
2024-07-23T16:24:27.039228Z info 8027 {"stream":"ethusdt@trade","data":{"e":"trade","E":1721723067035,"T":1721723067035,"s":"ETHUSDT","t":4229210750,"p":"3473.95","q":"0.093","X":"MARKET","m":false}}
2024-07-23T16:24:27.039261Z info 8027 {"stream":"ethusdt@trade","data":{"e":"trade","E":1721723067035,"T":1721723067035,"s":"ETHUSDT","t":4229210751,"p":"3473.95","q":"0.786","X":"MARKET","m":false}}
2024-07-23T16:24:27.039293Z info 8027 {"stream":"ethusdt@trade","data":{"e":"trade","E":1721723067035,"T":1721723067035,"s":"ETHUSDT","t":4229210752,"p":"3473.95","q":"0.010","X":"MARKET","m":false}}
2024-07-23T16:24:27.039325Z info 8027 {"stream":"ethusdt@trade","data":{"e":"trade","E":1721723067035,"T":1721723067035,"s":"ETHUSDT","t":4229210753,"p":"3473.96","q":"0.015","X":"MARKET","m":false}}
2024-07-23T16:24:27.039362Z info 8027 {"stream":"ethusdt@trade","data":{"e":"trade","E":1721723067035,"T":1721723067035,"s":"ETHUSDT","t":4229210754,"p":"3473.96","q":"0.006","X":"MARKET","m":false}}
2024-07-23T16:24:27.039394Z info 8027 {"stream":"ethusdt@trade","data":{"e":"trade","E":1721723067035,"T":1721723067035,"s":"ETHUSDT","t":4229210755,"p":"3473.97","q":"0.006","X":"MARKET","m":false}}
2024-07-23T16:24:27.039426Z info 8027 {"stream":"ethusdt@trade","data":{"e":"trade","E":1721723067035,"T":1721723067035,"s":"ETHUSDT","t":4229210756,"p":"3474.00","q":"0.015","X":"MARKET","m":false}}
2024-07-23T16:24:27.039458Z info 8027 {"stream":"ethusdt@trade","data":{"e":"trade","E":1721723067035,"T":1721723067035,"s":"ETHUSDT","t":4229210757,"p":"3474.04","q":"0.090","X":"MARKET","m":false}}
2024-07-23T16:24:27.039490Z info 8027 {"stream":"ethusdt@trade","data":{"e":"trade","E":1721723067035,"T":1721723067035,"s":"ETHUSDT","t":4229210758,"p":"3474.04","q":"0.015","X":"MARKET","m":false}}
2024-07-23T16:24:27.039512Z info 8027 {"stream":"ethusdt@trade","data":{"e":"trade","E":1721723067035,"T":1721723067035,"s":"ETHUSDT","t":4229210759,"p":"3474.08","q":"0.015","X":"MARKET","m":false}}
2024-07-23T16:24:27.039519Z info 8027 {"stream":"ethusdt@trade","data":{"e":"trade","E":1721723067035,"T":1721723067035,"s":"ETHUSDT","t":4229210760,"p":"3474.08","q":"0.100","X":"MARKET","m":false}}
2024-07-23T16:24:27.039538Z info 8027 {"stream":"ethusdt@trade","data":{"e":"trade","E":1721723067035,"T":1721723067035,"s":"ETHUSDT","t":4229210761,"p":"3474.12","q":"0.015","X":"MARKET","m":false}}
2024-07-23T16:24:27.039559Z info 8027 {"stream":"ethusdt@trade","data":{"e":"trade","E":1721723067035,"T":1721723067035,"s":"ETHUSDT","t":4229210762,"p":"3474.12","q":"0.171","X":"MARKET","m":false}}
2024-07-23T16:24:27.039580Z info 8027 {"stream":"ethusdt@trade","data":{"e":"trade","E":1721723067035,"T":1721723067035,"s":"ETHUSDT","t":4229210763,"p":"3474.13","q":"1.440","X":"MARKET","m":false}}
2024-07-23T16:24:27.039602Z info 8027 {"stream":"ethusdt@trade","data":{"e":"trade","E":1721723067035,"T":1721723067035,"s":"ETHUSDT","t":4229210764,"p":"3474.14","q":"0.006","X":"MARKET","m":false}}
2024-07-23T16:24:27.039622Z info 8027 {"stream":"ethusdt@trade","data":{"e":"trade","E":1721723067035,"T":1721723067035,"s":"ETHUSDT","t":4229210765,"p":"3474.20","q":"0.124","X":"MARKET","m":false}}
2024-07-23T16:24:27.039643Z info 8027 {"stream":"ethusdt@trade","data":{"e":"trade","E":1721723067035,"T":1721723067035,"s":"ETHUSDT","t":4229210766,"p":"3474.21","q":"1.200","X":"MARKET","m":false}}
2024-07-23T16:24:27.039665Z info 8027 {"stream":"ethusdt@trade","data":{"e":"trade","E":1721723067035,"T":1721723067035,"s":"ETHUSDT","t":4229210767,"p":"3474.21","q":"1.400","X":"MARKET","m":false}}
2024-07-23T16:24:27.039685Z info 8027 {"stream":"ethusdt@trade","data":{"e":"trade","E":1721723067035,"T":1721723067035,"s":"ETHUSDT","t":4229210768,"p":"3474.21","q":"2.500","X":"MARKET","m":false}}
2024-07-23T16:24:27.039727Z info 8027 {"stream":"ethusdt@trade","data":{"e":"trade","E":1721723067035,"T":1721723067035,"s":"ETHUSDT","t":4229210769,"p":"3474.23","q":"0.006","X":"MARKET","m":false}}
2024-07-23T16:24:27.039759Z info 8027 {"stream":"ethusdt@trade","data":{"e":"trade","E":1721723067035,"T":1721723067035,"s":"ETHUSDT","t":4229210770,"p":"3474.24","q":"0.028","X":"MARKET","m":false}}
2024-07-23T16:24:27.039791Z info 8027 {"stream":"ethusdt@trade","data":{"e":"trade","E":1721723067035,"T":1721723067035,"s":"ETHUSDT","t":4229210771,"p":"3474.26","q":"0.229","X":"MARKET","m":false}}
2024-07-23T16:24:27.039822Z info 8027 {"stream":"ethusdt@trade","data":{"e":"trade","E":1721723067035,"T":1721723067035,"s":"ETHUSDT","t":4229210772,"p":"3474.26","q":"1.459","X":"MARKET","m":false}}
2024-07-23T16:24:27.039855Z info 8027 {"stream":"ethusdt@trade","data":{"e":"trade","E":1721723067035,"T":1721723067035,"s":"ETHUSDT","t":4229210773,"p":"3474.26","q":"0.534","X":"MARKET","m":false}}
2024-07-23T16:24:27.039888Z info 8027 {"stream":"ethusdt@trade","data":{"e":"trade","E":1721723067035,"T":1721723067035,"s":"ETHUSDT","t":4229210774,"p":"3474.27","q":"1.440","X":"MARKET","m":false}}
2024-07-23T16:24:27.039920Z info 8027 {"stream":"ethusdt@trade","data":{"e":"trade","E":1721723067035,"T":1721723067035,"s":"ETHUSDT","t":4229210775,"p":"3474.28","q":"0.015","X":"MARKET","m":false}}
2024-07-23T16:24:27.039951Z info 8027 {"stream":"ethusdt@trade","data":{"e":"trade","E":1721723067035,"T":1721723067035,"s":"ETHUSDT","t":4229210776,"p":"3474.29","q":"0.006","X":"MARKET","m":false}}
2024-07-23T16:24:27.039988Z info 8027 {"stream":"ethusdt@trade","data":{"e":"trade","E":1721723067035,"T":1721723067035,"s":"ETHUSDT","t":4229210777,"p":"3474.30","q":"0.577","X":"MARKET","m":false}}
2024-07-23T16:24:27.040020Z info 8027 {"stream":"ethusdt@trade","data":{"e":"trade","E":1721723067035,"T":1721723067035,"s":"ETHUSDT","t":4229210778,"p":"3474.30","q":"0.577","X":"MARKET","m":false}}
2024-07-23T16:24:27.040052Z info 8027 {"stream":"ethusdt@trade","data":{"e":"trade","E":1721723067035,"T":1721723067035,"s":"ETHUSDT","t":4229210779,"p":"3474.30","q":"0.577","X":"MARKET","m":false}}
2024-07-23T16:24:27.040074Z info 8027 {"stream":"ethusdt@trade","data":{"e":"trade","E":1721723067035,"T":1721723067035,"s":"ETHUSDT","t":4229210780,"p":"3474.31","q":"2.500","X":"MARKET","m":false}}
2024-07-23T16:24:27.040094Z info 8027 {"stream":"ethusdt@trade","data":{"e":"trade","E":1721723067035,"T":1721723067035,"s":"ETHUSDT","t":4229210781,"p":"3474.31","q":"1.400","X":"MARKET","m":false}}
2024-07-23T16:24:27.040102Z info 8027 {"stream":"ethusdt@trade","data":{"e":"trade","E":1721723067035,"T":1721723067035,"s":"ETHUSDT","t":4229210782,"p":"3474.31","q":"2.200","X":"MARKET","m":false}}
2024-07-23T16:24:27.040122Z info 8027 {"stream":"ethusdt@trade","data":{"e":"trade","E":1721723067035,"T":1721723067035,"s":"ETHUSDT","t":4229210783,"p":"3474.31","q":"1.200","X":"MARKET","m":false}}
2024-07-23T16:24:27.040143Z info 8027 {"stream":"ethusdt@trade","data":{"e":"trade","E":1721723067035,"T":1721723067035,"s":"ETHUSDT","t":4229210784,"p":"3474.32","q":"0.015","X":"MARKET","m":false}}
2024-07-23T16:24:27.040164Z info 8027 {"stream":"ethusdt@trade","data":{"e":"trade","E":1721723067035,"T":1721723067035,"s":"ETHUSDT","t":4229210785,"p":"3474.32","q":"0.006","X":"MARKET","m":false}}
2024-07-23T16:24:27.040185Z info 8027 {"stream":"ethusdt@trade","data":{"e":"trade","E":1721723067035,"T":1721723067035,"s":"ETHUSDT","t":4229210786,"p":"3474.33","q":"0.877","X":"MARKET","m":false}}
2024-07-23T16:24:27.040217Z info 8027 {"stream":"ethusdt@trade","data":{"e":"trade","E":1721723067035,"T":1721723067035,"s":"ETHUSDT","t":4229210787,"p":"3474.35","q":"0.050","X":"MARKET","m":false}}
2024-07-23T16:24:27.040249Z info 8027 {"stream":"ethusdt@trade","data":{"e":"trade","E":1721723067035,"T":1721723067035,"s":"ETHUSDT","t":4229210788,"p":"3474.35","q":"2.878","X":"MARKET","m":false}}
2024-07-23T16:24:27.040281Z info 8027 {"stream":"ethusdt@trade","data":{"e":"trade","E":1721723067035,"T":1721723067035,"s":"ETHUSDT","t":4229210789,"p":"3474.36","q":"0.015","X":"MARKET","m":false}}
2024-07-23T16:24:27.040313Z info 8027 {"stream":"ethusdt@trade","data":{"e":"trade","E":1721723067035,"T":1721723067035,"s":"ETHUSDT","t":4229210790,"p":"3474.36","q":"5.757","X":"MARKET","m":false}}
2024-07-23T16:24:27.040345Z info 8027 {"stream":"ethusdt@trade","data":{"e":"trade","E":1721723067035,"T":1721723067035,"s":"ETHUSDT","t":4229210791,"p":"3474.37","q":"2.500","X":"MARKET","m":false}}
2024-07-23T16:24:27.040376Z info 8027 {"stream":"ethusdt@trade","data":{"e":"trade","E":1721723067035,"T":1721723067035,"s":"ETHUSDT","t":4229210792,"p":"3474.37","q":"1.400","X":"MARKET","m":false}}
2024-07-23T16:24:27.040408Z info 8027 {"stream":"ethusdt@trade","data":{"e":"trade","E":1721723067035,"T":1721723067035,"s":"ETHUSDT","t":4229210793,"p":"3474.37","q":"1.200","X":"MARKET","m":false}}
2024-07-23T16:24:27.040440Z info 8027 {"stream":"ethusdt@trade","data":{"e":"trade","E":1721723067035,"T":1721723067035,"s":"ETHUSDT","t":4229210794,"p":"3474.37","q":"2.200","X":"MARKET","m":false}}
2024-07-23T16:24:27.040472Z info 8027 {"stream":"ethusdt@trade","data":{"e":"trade","E":1721723067035,"T":1721723067035,"s":"ETHUSDT","t":4229210795,"p":"3474.37","q":"0.201","X":"MARKET","m":false}}
2024-07-23T16:24:27.040503Z info 8027 {"stream":"ethusdt@trade","data":{"e":"trade","E":1721723067035,"T":1721723067035,"s":"ETHUSDT","t":4229210796,"p":"3474.38","q":"0.877","X":"MARKET","m":false}}
2024-07-23T16:24:27.040535Z info 8027 {"stream":"ethusdt@trade","data":{"e":"trade","E":1721723067035,"T":1721723067035,"s":"ETHUSDT","t":4229210797,"p":"3474.38","q":"4.800","X":"MARKET","m":false}}
2024-07-23T16:24:27.040567Z info 8027 {"stream":"ethusdt@trade","data":{"e":"trade","E":1721723067035,"T":1721723067035,"s":"ETHUSDT","t":4229210798,"p":"3474.39","q":"0.009","X":"MARKET","m":false}}
2024-07-23T16:24:27.040598Z info 8027 {"stream":"ethusdt@trade","data":{"e":"trade","E":1721723067035,"T":1721723067035,"s":"ETHUSDT","t":4229210799,"p":"3474.39","q":"0.100","X":"MARKET","m":false}}
2024-07-23T16:24:27.040605Z info 8027 {"stream":"ethusdt@trade","data":{"e":"trade","E":1721723067035,"T":1721723067035,"s":"ETHUSDT","t":4229210800,"p":"3474.40","q":"0.015","X":"MARKET","m":false}}
2024-07-23T16:24:27.040610Z info 8027 {"stream":"ethusdt@trade","data":{"e":"trade","E":1721723067035,"T":1721723067035,"s":"ETHUSDT","t":4229210801,"p":"3474.40","q":"0.230","X":"MARKET","m":false}}
2024-07-23T16:24:27.040615Z info 8027 {"stream":"ethusdt@trade","data":{"e":"trade","E":1721723067035,"T":1721723067035,"s":"ETHUSDT","t":4229210802,"p":"3474.42","q":"0.229","X":"MARKET","m":false}}
2024-07-23T16:24:27.040619Z info 8027 {"stream":"ethusdt@trade","data":{"e":"trade","E":1721723067035,"T":1721723067035,"s":"ETHUSDT","t":4229210803,"p":"3474.42","q":"0.982","X":"MARKET","m":false}}
2024-07-23T16:24:27.040624Z info 8027 {"stream":"ethusdt@trade","data":{"e":"trade","E":1721723067035,"T":1721723067035,"s":"ETHUSDT","t":4229210804,"p":"3473.94","q":"0.003","X":"MARKET","m":true}}
2024-07-23T16:24:27.040634Z info 8027 {"stream":"ethusdt@trade","data":{"e":"trade","E":1721723067039,"T":1721723067039,"s":"ETHUSDT","t":4229210805,"p":"3474.42","q":"0.007","X":"MARKET","m":false}}
2024-07-23T16:24:27.040640Z info 8027 {"stream":"ethusdt@trade","data":{"e":"trade","E":1721723067044,"T":1721723067044,"s":"ETHUSDT","t":4229210806,"p":"3474.42","q":"0.006","X":"MARKET","m":false}}
2024-07-23T16:24:27.040644Z info 8027 {"stream":"ethusdt@trade","data":{"e":"trade","E":1721723067044,"T":1721723067044,"s":"ETHUSDT","t":4229210807,"p":"3474.42","q":"0.044","X":"MARKET","m":false}}
2024-07-23T16:24:27.040650Z info 8027 {"stream":"ethusdt@trade","data":{"e":"trade","E":1721723067056,"T":1721723067056,"s":"ETHUSDT","t":4229210808,"p":"3474.41","q":"0.021","X":"MARKET","m":true}}
2024-07-23T16:24:27.058308Z info 8027 {"stream":"ethusdt@trade","data":{"e":"trade","E":1721723067130,"T":1721723067129,"s":"ETHUSDT","t":4229210809,"p":"3474.41","q":"0.100","X":"MARKET","m":true}}
2024-07-23T16:24:27.139546Z info 8027 {"stream":"ethusdt@trade","data":{"e":"trade","E":1721723067211,"T":1721723067210,"s":"ETHUSDT","t":4229210810,"p":"3474.41","q":"0.001","X":"MARKET","m":true}}
2024-07-23T16:24:27.139587Z info 8027 {"stream":"ethusdt@trade","data":{"e":"trade","E":1721723067211,"T":1721723067210,"s":"ETHUSDT","t":4229210811,"p":"3474.41","q":"0.007","X":"MARKET","m":true}}
2024-07-23T16:24:27.139608Z info 8027 {"stream":"ethusdt@trade","data":{"e":"trade","E":1721723067211,"T":1721723067210,"s":"ETHUSDT","t":4229210812,"p":"3474.41","q":"0.567","X":"MARKET","m":true}}
2024-07-23T16:24:27.149601Z info 8027 {"stream":"ethusdt@trade","data":{"e":"trade","E":1721723067221,"T":1721723067221,"s":"ETHUSDT","t":4229210813,"p":"3474.42","q":"0.220","X":"MARKET","m":false}}
2024-07-23T16:24:27.149637Z info 8027 {"stream":"ethusdt@trade","data":{"e":"trade","E":1721723067221,"T":1721723067221,"s":"ETHUSDT","t":4229210814,"p":"3474.44","q":"0.015","X":"MARKET","m":false}}
2024-07-23T16:24:27.149670Z info 8027 {"stream":"ethusdt@trade","data":{"e":"trade","E":1721723067221,"T":1721723067221,"s":"ETHUSDT","t":4229210815,"p":"3474.46","q":"0.006","X":"MARKET","m":false}}
2024-07-23T16:24:27.149691Z info 8027 {"stream":"ethusdt@trade","data":{"e":"trade","E":1721723067221,"T":1721723067221,"s":"ETHUSDT","t":4229210816,"p":"3474.48","q":"0.015","X":"MARKET","m":false}}
2024-07-23T16:24:27.149724Z info 8027 {"stream":"ethusdt@trade","data":{"e":"trade","E":1721723067221,"T":1721723067221,"s":"ETHUSDT","t":4229210817,"p":"3474.51","q":"0.006","X":"MARKET","m":false}}
2024-07-23T16:24:27.155123Z info 8027 {"stream":"ethusdt@trade","data":{"e":"trade","E":1721723067226,"T":1721723067225,"s":"ETHUSDT","t":4229210818,"p":"3474.52","q":"0.015","X":"MARKET","m":false}}
2024-07-23T16:24:27.165077Z info 8027 {"stream":"ethusdt@trade","data":{"e":"trade","E":1721723067236,"T":1721723067236,"s":"ETHUSDT","t":4229210819,"p":"3474.53","q":"1.000","X":"MARKET","m":true}}
2024-07-23T16:24:27.165117Z info 8027 {"stream":"ethusdt@trade","data":{"e":"trade","E":1721723067236,"T":1721723067236,"s":"ETHUSDT","t":4229210820,"p":"3474.54","q":"0.020","X":"MARKET","m":false}}
2024-07-23T16:24:27.178764Z info 8027 {"stream":"ethusdt@trade","data":{"e":"trade","E":1721723067250,"T":1721723067250,"s":"ETHUSDT","t":4229210821,"p":"3474.53","q":"1.000","X":"MARKET","m":true}}
2024-07-23T16:24:27.185434Z info 8027 {"stream":"xrpusdt@trade","data":{"e":"trade","E":1721723067256,"T":1721723067256,"s":"XRPUSDT","t":1535418893,"p":"0.5967","q":"31.0","X":"MARKET","m":false}}
2024-07-23T16:24:27.185469Z info 8027 {"stream":"xrpusdt@trade","data":{"e":"trade","E":1721723067256,"T":1721723067256,"s":"XRPUSDT","t":1535418894,"p":"0.5967","q":"1168.7","X":"MARKET","m":false}}
2024-07-23T16:24:27.244107Z info 8027 {"stream":"ethusdt@trade","data":{"e":"trade","E":1721723067315,"T":1721723067315,"s":"ETHUSDT","t":4229210822,"p":"3474.53","q":"0.400","X":"MARKET","m":true}}
2024-07-23T16:24:27.249441Z info 8027 {"stream":"xrpusdt@trade","data":{"e":"trade","E":1721723067320,"T":1721723067320,"s":"XRPUSDT","t":1535418895,"p":"0.5967","q":"18.8","X":"MARKET","m":false}}
2024-07-23T16:24:27.249479Z info 8027 {"stream":"xrpusdt@trade","data":{"e":"trade","E":1721723067320,"T":1721723067320,"s":"XRPUSDT","t":1535418896,"p":"0.5967","q":"628.0","X":"MARKET","m":false}}
2024-07-23T16:24:27.249512Z info 8027 {"stream":"xrpusdt@trade","data":{"e":"trade","E":1721723067320,"T":1721723067320,"s":"XRPUSDT","t":1535418897,"p":"0.5967","q":"10.1","X":"MARKET","m":false}}
2024-07-23T16:24:27.249543Z info 8027 {"stream":"xrpusdt@trade","data":{"e":"trade","E":1721723067320,"T":1721723067320,"s":"XRPUSDT","t":1535418898,"p":"0.5967","q":"2136.7","X":"MARKET","m":false}}
2024-07-23T16:24:27.249575Z info 8027 {"stream":"xrpusdt@trade","data":{"e":"trade","E":1721723067320,"T":1721723067320,"s":"XRPUSDT","t":1535418899,"p":"0.5967","q":"8.4","X":"MARKET","m":false}}
2024-07-23T16:24:27.249608Z info 8027 {"stream":"xrpusdt@trade","data":{"e":"trade","E":1721723067320,"T":1721723067320,"s":"XRPUSDT","t":1535418900,"p":"0.5967","q":"33.2","X":"MARKET","m":false}}
2024-07-23T16:24:27.249640Z info 8027 {"stream":"xrpusdt@trade","data":{"e":"trade","E":1721723067320,"T":1721723067320,"s":"XRPUSDT","t":1535418901,"p":"0.5967","q":"24.3","X":"MARKET","m":false}}
2024-07-23T16:24:27.249672Z info 8027 {"stream":"xrpusdt@trade","data":{"e":"trade","E":1721723067320,"T":1721723067320,"s":"XRPUSDT","t":1535418902,"p":"0.5967","q":"106.7","X":"MARKET","m":false}}
2024-07-23T16:24:27.249704Z info 8027 {"stream":"xrpusdt@trade","data":{"e":"trade","E":1721723067320,"T":1721723067320,"s":"XRPUSDT","t":1535418903,"p":"0.5967","q":"22.6","X":"MARKET","m":false}}
2024-07-23T16:24:27.249735Z info 8027 {"stream":"xrpusdt@trade","data":{"e":"trade","E":1721723067321,"T":1721723067320,"s":"XRPUSDT","t":1535418904,"p":"0.5967","q":"49.3","X":"MARKET","m":false}}
2024-07-23T16:24:27.249766Z info 8027 {"stream":"xrpusdt@trade","data":{"e":"trade","E":1721723067321,"T":1721723067320,"s":"XRPUSDT","t":1535418905,"p":"0.5967","q":"27.7","X":"MARKET","m":false}}
2024-07-23T16:24:27.260019Z info 8027 {"stream":"ethusdt@trade","data":{"e":"trade","E":1721723067332,"T":1721723067331,"s":"ETHUSDT","t":4229210823,"p":"3474.54","q":"0.007","X":"MARKET","m":false}}
2024-07-23T16:24:27.260053Z info 8027 {"stream":"ethusdt@trade","data":{"e":"trade","E":1721723067332,"T":1721723067331,"s":"ETHUSDT","t":4229210824,"p":"3474.54","q":"0.032","X":"MARKET","m":false}}
2024-07-23T16:24:27.270605Z info 8027 {"stream":"ethusdt@trade","data":{"e":"trade","E":1721723067341,"T":1721723067341,"s":"ETHUSDT","t":4229210825,"p":"3474.54","q":"0.147","X":"MARKET","m":false}}
2024-07-23T16:24:27.301927Z info 8027 {"stream":"ethusdt@trade","data":{"e":"trade","E":1721723067373,"T":1721723067373,"s":"ETHUSDT","t":4229210826,"p":"3474.54","q":"0.611","X":"MARKET","m":false}}
2024-07-23T16:24:27.301972Z info 8027 {"stream":"ethusdt@trade","data":{"e":"trade","E":1721723067373,"T":1721723067373,"s":"ETHUSDT","t":4229210827,"p":"3474.54","q":"0.018","X":"MARKET","m":false}}
2024-07-23T16:24:27.302009Z info 8027 {"stream":"ethusdt@trade","data":{"e":"trade","E":1721723067373,"T":1721723067373,"s":"ETHUSDT","t":4229210828,"p":"3474.54","q":"5.688","X":"MARKET","m":false}}
2024-07-23T16:24:27.302032Z info 8027 {"stream":"ethusdt@trade","data":{"e":"trade","E":1721723067373,"T":1721723067373,"s":"ETHUSDT","t":4229210829,"p":"3474.54","q":"0.100","X":"MARKET","m":false}}
2024-07-23T16:24:27.302041Z info 8027 {"stream":"ethusdt@trade","data":{"e":"trade","E":1721723067373,"T":1721723067373,"s":"ETHUSDT","t":4229210830,"p":"3474.56","q":"0.015","X":"MARKET","m":false}}
2024-07-23T16:24:27.302063Z info 8027 {"stream":"ethusdt@trade","data":{"e":"trade","E":1721723067373,"T":1721723067373,"s":"ETHUSDT","t":4229210831,"p":"3474.58","q":"1.200","X":"MARKET","m":false}}
2024-07-23T16:24:27.302070Z info 8027 {"stream":"ethusdt@trade","data":{"e":"trade","E":1721723067373,"T":1721723067373,"s":"ETHUSDT","t":4229210832,"p":"3474.58","q":"0.800","X":"MARKET","m":false}}
2024-07-23T16:24:27.302076Z info 8027 {"stream":"ethusdt@trade","data":{"e":"trade","E":1721723067373,"T":1721723067373,"s":"ETHUSDT","t":4229210833,"p":"3474.58","q":"0.719","X":"MARKET","m":false}}
2024-07-23T16:24:27.302122Z info 8027 {"stream":"ethusdt@trade","data":{"e":"trade","E":1721723067373,"T":1721723067373,"s":"ETHUSDT","t":4229210834,"p":"3474.59","q":"0.010","X":"MARKET","m":false}}
2024-07-23T16:24:27.302157Z info 8027 {"stream":"ethusdt@trade","data":{"e":"trade","E":1721723067373,"T":1721723067373,"s":"ETHUSDT","t":4229210835,"p":"3474.60","q":"0.007","X":"MARKET","m":false}}
2024-07-23T16:24:27.302179Z info 8027 {"stream":"ethusdt@trade","data":{"e":"trade","E":1721723067373,"T":1721723067373,"s":"ETHUSDT","t":4229210836,"p":"3474.60","q":"0.006","X":"MARKET","m":false}}
2024-07-23T16:24:27.302201Z info 8027 {"stream":"ethusdt@trade","data":{"e":"trade","E":1721723067373,"T":1721723067373,"s":"ETHUSDT","t":4229210837,"p":"3474.60","q":"0.009","X":"MARKET","m":false}}
2024-07-23T16:24:27.302207Z info 8027 {"stream":"ethusdt@trade","data":{"e":"trade","E":1721723067373,"T":1721723067373,"s":"ETHUSDT","t":4229210838,"p":"3474.60","q":"0.015","X":"MARKET","m":false}}
2024-07-23T16:24:27.302212Z info 8027 {"stream":"ethusdt@trade","data":{"e":"trade","E":1721723067373,"T":1721723067373,"s":"ETHUSDT","t":4229210839,"p":"3474.61","q":"0.023","X":"MARKET","m":false}}
2024-07-23T16:24:27.302217Z info 8027 {"stream":"ethusdt@trade","data":{"e":"trade","E":1721723067373,"T":1721723067373,"s":"ETHUSDT","t":4229210840,"p":"3474.61","q":"0.013","X":"MARKET","m":false}}
2024-07-23T16:24:27.302222Z info 8027 {"stream":"ethusdt@trade","data":{"e":"trade","E":1721723067373,"T":1721723067373,"s":"ETHUSDT","t":4229210841,"p":"3474.61","q":"0.202","X":"MARKET","m":false}}
2024-07-23T16:24:27.302226Z info 8027 {"stream":"ethusdt@trade","data":{"e":"trade","E":1721723067373,"T":1721723067373,"s":"ETHUSDT","t":4229210842,"p":"3474.63","q":"0.006","X":"MARKET","m":false}}
2024-07-23T16:24:27.302231Z info 8027 {"stream":"ethusdt@trade","data":{"e":"trade","E":1721723067373,"T":1721723067373,"s":"ETHUSDT","t":4229210843,"p":"3474.63","q":"0.006","X":"MARKET","m":false}}
2024-07-23T16:24:27.302236Z info 8027 {"stream":"ethusdt@trade","data":{"e":"trade","E":1721723067373,"T":1721723067373,"s":"ETHUSDT","t":4229210844,"p":"3474.64","q":"0.030","X":"MARKET","m":false}}
2024-07-23T16:24:27.303622Z info 8027 {"stream":"ethusdt@trade","data":{"e":"trade","E":1721723067373,"T":1721723067373,"s":"ETHUSDT","t":4229210845,"p":"3474.64","q":"0.020","X":"MARKET","m":false}}
2024-07-23T16:24:27.303658Z info 8027 {"stream":"ethusdt@trade","data":{"e":"trade","E":1721723067373,"T":1721723067373,"s":"ETHUSDT","t":4229210846,"p":"3474.64","q":"0.006","X":"MARKET","m":false}}
2024-07-23T16:24:27.303690Z info 8027 {"stream":"ethusdt@trade","data":{"e":"trade","E":1721723067373,"T":1721723067373,"s":"ETHUSDT","t":4229210847,"p":"3474.64","q":"0.015","X":"MARKET","m":false}}
2024-07-23T16:24:27.303722Z info 8027 {"stream":"ethusdt@trade","data":{"e":"trade","E":1721723067373,"T":1721723067373,"s":"ETHUSDT","t":4229210848,"p":"3474.65","q":"0.163","X":"MARKET","m":false}}
2024-07-23T16:24:27.303728Z info 8027 {"stream":"ethusdt@trade","data":{"e":"trade","E":1721723067373,"T":1721723067373,"s":"ETHUSDT","t":4229210849,"p":"3474.65","q":"0.029","X":"MARKET","m":false}}
2024-07-23T16:24:27.303758Z info 8027 {"stream":"ethusdt@trade","data":{"e":"trade","E":1721723067373,"T":1721723067373,"s":"ETHUSDT","t":4229210850,"p":"3474.65","q":"0.248","X":"MARKET","m":false}}
2024-07-23T16:24:27.303765Z info 8027 {"stream":"ethusdt@trade","data":{"e":"trade","E":1721723067373,"T":1721723067373,"s":"ETHUSDT","t":4229210851,"p":"3474.65","q":"0.020","X":"MARKET","m":false}}
2024-07-23T16:24:27.303771Z info 8027 {"stream":"ethusdt@trade","data":{"e":"trade","E":1721723067373,"T":1721723067373,"s":"ETHUSDT","t":4229210852,"p":"3474.65","q":"0.028","X":"MARKET","m":false}}
2024-07-23T16:24:27.303790Z info 8027 {"stream":"ethusdt@trade","data":{"e":"trade","E":1721723067373,"T":1721723067373,"s":"ETHUSDT","t":4229210853,"p":"3474.66","q":"0.044","X":"MARKET","m":false}}
2024-07-23T16:24:27.303812Z info 8027 {"stream":"ethusdt@trade","data":{"e":"trade","E":1721723067373,"T":1721723067373,"s":"ETHUSDT","t":4229210854,"p":"3474.66","q":"0.719","X":"MARKET","m":false}}
2024-07-23T16:24:27.303833Z info 8027 {"stream":"ethusdt@trade","data":{"e":"trade","E":1721723067373,"T":1721723067373,"s":"ETHUSDT","t":4229210855,"p":"3474.66","q":"0.011","X":"MARKET","m":false}}
2024-07-23T16:24:27.303854Z info 8027 {"stream":"ethusdt@trade","data":{"e":"trade","E":1721723067373,"T":1721723067373,"s":"ETHUSDT","t":4229210856,"p":"3474.66","q":"0.088","X":"MARKET","m":false}}
2024-07-23T16:24:27.303886Z info 8027 {"stream":"ethusdt@trade","data":{"e":"trade","E":1721723067373,"T":1721723067373,"s":"ETHUSDT","t":4229210857,"p":"3474.66","q":"0.008","X":"MARKET","m":false}}
2024-07-23T16:24:27.303918Z info 8027 {"stream":"ethusdt@trade","data":{"e":"trade","E":1721723067373,"T":1721723067373,"s":"ETHUSDT","t":4229210858,"p":"3474.66","q":"0.009","X":"MARKET","m":false}}
2024-07-23T16:24:27.303950Z info 8027 {"stream":"ethusdt@trade","data":{"e":"trade","E":1721723067373,"T":1721723067373,"s":"ETHUSDT","t":4229210859,"p":"3474.67","q":"0.031","X":"MARKET","m":false}}
2024-07-23T16:24:27.303982Z info 8027 {"stream":"ethusdt@trade","data":{"e":"trade","E":1721723067373,"T":1721723067373,"s":"ETHUSDT","t":4229210860,"p":"3474.67","q":"0.440","X":"MARKET","m":false}}
2024-07-23T16:24:27.304014Z info 8027 {"stream":"ethusdt@trade","data":{"e":"trade","E":1721723067373,"T":1721723067373,"s":"ETHUSDT","t":4229210861,"p":"3474.68","q":"0.144","X":"MARKET","m":false}}
2024-07-23T16:24:27.304046Z info 8027 {"stream":"ethusdt@trade","data":{"e":"trade","E":1721723067373,"T":1721723067373,"s":"ETHUSDT","t":4229210862,"p":"3474.68","q":"0.015","X":"MARKET","m":false}}
2024-07-23T16:24:27.304087Z info 8027 {"stream":"ethusdt@trade","data":{"e":"trade","E":1721723067373,"T":1721723067373,"s":"ETHUSDT","t":4229210863,"p":"3474.70","q":"0.007","X":"MARKET","m":false}}
2024-07-23T16:24:27.304118Z info 8027 {"stream":"ethusdt@trade","data":{"e":"trade","E":1721723067373,"T":1721723067373,"s":"ETHUSDT","t":4229210864,"p":"3474.70","q":"0.440","X":"MARKET","m":false}}
2024-07-23T16:24:27.304150Z info 8027 {"stream":"ethusdt@trade","data":{"e":"trade","E":1721723067373,"T":1721723067373,"s":"ETHUSDT","t":4229210865,"p":"3474.71","q":"1.921","X":"MARKET","m":false}}
2024-07-23T16:24:27.304181Z info 8027 {"stream":"ethusdt@trade","data":{"e":"trade","E":1721723067373,"T":1721723067373,"s":"ETHUSDT","t":4229210866,"p":"3474.72","q":"0.010","X":"MARKET","m":false}}
2024-07-23T16:24:27.304202Z info 8027 {"stream":"ethusdt@trade","data":{"e":"trade","E":1721723067373,"T":1721723067373,"s":"ETHUSDT","t":4229210867,"p":"3474.72","q":"0.041","X":"MARKET","m":false}}
2024-07-23T16:24:27.304208Z info 8027 {"stream":"ethusdt@trade","data":{"e":"trade","E":1721723067373,"T":1721723067373,"s":"ETHUSDT","t":4229210868,"p":"3474.72","q":"0.006","X":"MARKET","m":false}}
2024-07-23T16:24:27.304213Z info 8027 {"stream":"ethusdt@trade","data":{"e":"trade","E":1721723067373,"T":1721723067373,"s":"ETHUSDT","t":4229210869,"p":"3474.72","q":"0.006","X":"MARKET","m":false}}
2024-07-23T16:24:27.304233Z info 8027 {"stream":"ethusdt@trade","data":{"e":"trade","E":1721723067373,"T":1721723067373,"s":"ETHUSDT","t":4229210870,"p":"3474.72","q":"0.015","X":"MARKET","m":false}}
2024-07-23T16:24:27.304257Z info 8027 {"stream":"ethusdt@trade","data":{"e":"trade","E":1721723067373,"T":1721723067373,"s":"ETHUSDT","t":4229210871,"p":"3474.73","q":"0.106","X":"MARKET","m":false}}
2024-07-23T16:24:27.304263Z info 8027 {"stream":"ethusdt@trade","data":{"e":"trade","E":1721723067373,"T":1721723067373,"s":"ETHUSDT","t":4229210872,"p":"3474.73","q":"0.072","X":"MARKET","m":false}}
2024-07-23T16:24:27.304267Z info 8027 {"stream":"ethusdt@trade","data":{"e":"trade","E":1721723067373,"T":1721723067373,"s":"ETHUSDT","t":4229210873,"p":"3474.73","q":"0.009","X":"MARKET","m":false}}
2024-07-23T16:24:27.304275Z info 8027 {"stream":"ethusdt@trade","data":{"e":"trade","E":1721723067373,"T":1721723067373,"s":"ETHUSDT","t":4229210874,"p":"3474.74","q":"0.011","X":"MARKET","m":false}}
2024-07-23T16:24:27.304295Z info 8027 {"stream":"ethusdt@trade","data":{"e":"trade","E":1721723067373,"T":1721723067373,"s":"ETHUSDT","t":4229210875,"p":"3474.74","q":"0.017","X":"MARKET","m":false}}
2024-07-23T16:24:27.304317Z info 8027 {"stream":"ethusdt@trade","data":{"e":"trade","E":1721723067373,"T":1721723067373,"s":"ETHUSDT","t":4229210876,"p":"3474.75","q":"0.010","X":"MARKET","m":false}}
2024-07-23T16:24:27.304338Z info 8027 {"stream":"ethusdt@trade","data":{"e":"trade","E":1721723067373,"T":1721723067373,"s":"ETHUSDT","t":4229210877,"p":"3474.75","q":"0.007","X":"MARKET","m":false}}
2024-07-23T16:24:27.304359Z info 8027 {"stream":"ethusdt@trade","data":{"e":"trade","E":1721723067373,"T":1721723067373,"s":"ETHUSDT","t":4229210878,"p":"3474.75","q":"0.143","X":"MARKET","m":false}}
2024-07-23T16:24:27.304391Z info 8027 {"stream":"ethusdt@trade","data":{"e":"trade","E":1721723067373,"T":1721723067373,"s":"ETHUSDT","t":4229210879,"p":"3474.75","q":"0.006","X":"MARKET","m":false}}
2024-07-23T16:24:27.304422Z info 8027 {"stream":"ethusdt@trade","data":{"e":"trade","E":1721723067373,"T":1721723067373,"s":"ETHUSDT","t":4229210880,"p":"3474.76","q":"0.008","X":"MARKET","m":false}}
2024-07-23T16:24:27.304454Z info 8027 {"stream":"ethusdt@trade","data":{"e":"trade","E":1721723067373,"T":1721723067373,"s":"ETHUSDT","t":4229210881,"p":"3474.76","q":"0.012","X":"MARKET","m":false}}
2024-07-23T16:24:27.304485Z info 8027 {"stream":"ethusdt@trade","data":{"e":"trade","E":1721723067373,"T":1721723067373,"s":"ETHUSDT","t":4229210882,"p":"3474.76","q":"0.015","X":"MARKET","m":false}}
2024-07-23T16:24:27.304516Z info 8027 {"stream":"ethusdt@trade","data":{"e":"trade","E":1721723067373,"T":1721723067373,"s":"ETHUSDT","t":4229210883,"p":"3474.77","q":"0.007","X":"MARKET","m":false}}
2024-07-23T16:24:27.304548Z info 8027 {"stream":"ethusdt@trade","data":{"e":"trade","E":1721723067373,"T":1721723067373,"s":"ETHUSDT","t":4229210884,"p":"3474.77","q":"0.440","X":"MARKET","m":false}}
2024-07-23T16:24:27.304588Z info 8027 {"stream":"ethusdt@trade","data":{"e":"trade","E":1721723067373,"T":1721723067373,"s":"ETHUSDT","t":4229210885,"p":"3474.78","q":"0.178","X":"MARKET","m":false}}
2024-07-23T16:24:27.304620Z info 8027 {"stream":"ethusdt@trade","data":{"e":"trade","E":1721723067373,"T":1721723067373,"s":"ETHUSDT","t":4229210886,"p":"3474.78","q":"0.432","X":"MARKET","m":false}}
2024-07-23T16:24:27.304663Z info 8027 {"stream":"ethusdt@trade","data":{"e":"trade","E":1721723067373,"T":1721723067373,"s":"ETHUSDT","t":4229210887,"p":"3474.79","q":"0.044","X":"MARKET","m":false}}
2024-07-23T16:24:27.304694Z info 8027 {"stream":"ethusdt@trade","data":{"e":"trade","E":1721723067373,"T":1721723067373,"s":"ETHUSDT","t":4229210888,"p":"3474.79","q":"0.011","X":"MARKET","m":false}}
2024-07-23T16:24:27.304726Z info 8027 {"stream":"ethusdt@trade","data":{"e":"trade","E":1721723067373,"T":1721723067373,"s":"ETHUSDT","t":4229210889,"p":"3474.80","q":"0.022","X":"MARKET","m":false}}
2024-07-23T16:24:27.304747Z info 8027 {"stream":"ethusdt@trade","data":{"e":"trade","E":1721723067373,"T":1721723067373,"s":"ETHUSDT","t":4229210890,"p":"3474.80","q":"0.006","X":"MARKET","m":false}}
2024-07-23T16:24:27.304768Z info 8027 {"stream":"ethusdt@trade","data":{"e":"trade","E":1721723067373,"T":1721723067373,"s":"ETHUSDT","t":4229210891,"p":"3474.80","q":"0.015","X":"MARKET","m":false}}
2024-07-23T16:24:27.304774Z info 8027 {"stream":"ethusdt@trade","data":{"e":"trade","E":1721723067373,"T":1721723067373,"s":"ETHUSDT","t":4229210892,"p":"3474.81","q":"0.012","X":"MARKET","m":false}}
2024-07-23T16:24:27.304778Z info 8027 {"stream":"ethusdt@trade","data":{"e":"trade","E":1721723067373,"T":1721723067373,"s":"ETHUSDT","t":4229210893,"p":"3474.81","q":"0.006","X":"MARKET","m":false}}
2024-07-23T16:24:27.304783Z info 8027 {"stream":"ethusdt@trade","data":{"e":"trade","E":1721723067373,"T":1721723067373,"s":"ETHUSDT","t":4229210894,"p":"3474.82","q":"0.039","X":"MARKET","m":false}}
2024-07-23T16:24:27.304788Z info 8027 {"stream":"ethusdt@trade","data":{"e":"trade","E":1721723067373,"T":1721723067373,"s":"ETHUSDT","t":4229210895,"p":"3474.83","q":"0.014","X":"MARKET","m":false}}
2024-07-23T16:24:27.304795Z info 8027 {"stream":"ethusdt@trade","data":{"e":"trade","E":1721723067373,"T":1721723067373,"s":"ETHUSDT","t":4229210896,"p":"3474.83","q":"1.726","X":"MARKET","m":false}}
2024-07-23T16:24:27.304800Z info 8027 {"stream":"ethusdt@trade","data":{"e":"trade","E":1721723067373,"T":1721723067373,"s":"ETHUSDT","t":4229210897,"p":"3474.84","q":"0.013","X":"MARKET","m":false}}
2024-07-23T16:24:27.304820Z info 8027 {"stream":"ethusdt@trade","data":{"e":"trade","E":1721723067373,"T":1721723067373,"s":"ETHUSDT","t":4229210898,"p":"3474.84","q":"0.007","X":"MARKET","m":false}}
2024-07-23T16:24:27.304839Z info 8027 {"stream":"ethusdt@trade","data":{"e":"trade","E":1721723067373,"T":1721723067373,"s":"ETHUSDT","t":4229210899,"p":"3474.84","q":"0.007","X":"MARKET","m":false}}
2024-07-23T16:24:27.304859Z info 8027 {"stream":"ethusdt@trade","data":{"e":"trade","E":1721723067373,"T":1721723067373,"s":"ETHUSDT","t":4229210900,"p":"3474.84","q":"4.942","X":"MARKET","m":false}}
2024-07-23T16:24:27.304865Z info 8027 {"stream":"ethusdt@trade","data":{"e":"trade","E":1721723067373,"T":1721723067373,"s":"ETHUSDT","t":4229210901,"p":"3474.84","q":"0.007","X":"MARKET","m":false}}
2024-07-23T16:24:27.304869Z info 8027 {"stream":"ethusdt@trade","data":{"e":"trade","E":1721723067373,"T":1721723067373,"s":"ETHUSDT","t":4229210902,"p":"3474.84","q":"0.015","X":"MARKET","m":false}}
2024-07-23T16:24:27.304874Z info 8027 {"stream":"ethusdt@trade","data":{"e":"trade","E":1721723067373,"T":1721723067373,"s":"ETHUSDT","t":4229210903,"p":"3474.86","q":"0.007","X":"MARKET","m":false}}
2024-07-23T16:24:27.304879Z info 8027 {"stream":"ethusdt@trade","data":{"e":"trade","E":1721723067373,"T":1721723067373,"s":"ETHUSDT","t":4229210904,"p":"3474.86","q":"0.024","X":"MARKET","m":false}}
2024-07-23T16:24:27.304883Z info 8027 {"stream":"ethusdt@trade","data":{"e":"trade","E":1721723067373,"T":1721723067373,"s":"ETHUSDT","t":4229210905,"p":"3474.86","q":"0.007","X":"MARKET","m":false}}
2024-07-23T16:24:27.305678Z info 8027 {"stream":"ethusdt@trade","data":{"e":"trade","E":1721723067373,"T":1721723067373,"s":"ETHUSDT","t":4229210906,"p":"3474.86","q":"0.200","X":"MARKET","m":false}}
2024-07-23T16:24:27.305703Z info 8027 {"stream":"ethusdt@trade","data":{"e":"trade","E":1721723067373,"T":1721723067373,"s":"ETHUSDT","t":4229210907,"p":"3474.86","q":"0.100","X":"MARKET","m":false}}
2024-07-23T16:24:27.305724Z info 8027 {"stream":"ethusdt@trade","data":{"e":"trade","E":1721723067373,"T":1721723067373,"s":"ETHUSDT","t":4229210908,"p":"3474.87","q":"0.022","X":"MARKET","m":false}}
2024-07-23T16:24:27.305755Z info 8027 {"stream":"ethusdt@trade","data":{"e":"trade","E":1721723067373,"T":1721723067373,"s":"ETHUSDT","t":4229210909,"p":"3474.88","q":"0.015","X":"MARKET","m":false}}
2024-07-23T16:24:27.305762Z info 8027 {"stream":"ethusdt@trade","data":{"e":"trade","E":1721723067373,"T":1721723067373,"s":"ETHUSDT","t":4229210910,"p":"3474.88","q":"0.719","X":"MARKET","m":false}}
2024-07-23T16:24:27.305783Z info 8027 {"stream":"ethusdt@trade","data":{"e":"trade","E":1721723067373,"T":1721723067373,"s":"ETHUSDT","t":4229210911,"p":"3474.89","q":"0.017","X":"MARKET","m":false}}
2024-07-23T16:24:27.305789Z info 8027 {"stream":"ethusdt@trade","data":{"e":"trade","E":1721723067373,"T":1721723067373,"s":"ETHUSDT","t":4229210912,"p":"3474.90","q":"0.008","X":"MARKET","m":false}}
2024-07-23T16:24:27.305794Z info 8027 {"stream":"ethusdt@trade","data":{"e":"trade","E":1721723067373,"T":1721723067373,"s":"ETHUSDT","t":4229210913,"p":"3474.90","q":"0.007","X":"MARKET","m":false}}
2024-07-23T16:24:27.305799Z info 8027 {"stream":"ethusdt@trade","data":{"e":"trade","E":1721723067373,"T":1721723067373,"s":"ETHUSDT","t":4229210914,"p":"3474.90","q":"0.007","X":"MARKET","m":false}}
2024-07-23T16:24:27.305803Z info 8027 {"stream":"ethusdt@trade","data":{"e":"trade","E":1721723067373,"T":1721723067373,"s":"ETHUSDT","t":4229210915,"p":"3474.90","q":"0.007","X":"MARKET","m":false}}
2024-07-23T16:24:27.305808Z info 8027 {"stream":"ethusdt@trade","data":{"e":"trade","E":1721723067373,"T":1721723067373,"s":"ETHUSDT","t":4229210916,"p":"3474.90","q":"6.747","X":"MARKET","m":false}}
2024-07-23T16:24:27.305812Z info 8027 {"stream":"ethusdt@trade","data":{"e":"trade","E":1721723067373,"T":1721723067373,"s":"ETHUSDT","t":4229210917,"p":"3474.90","q":"0.081","X":"MARKET","m":false}}
2024-07-23T16:24:27.305817Z info 8027 {"stream":"ethusdt@trade","data":{"e":"trade","E":1721723067373,"T":1721723067373,"s":"ETHUSDT","t":4229210918,"p":"3474.91","q":"0.178","X":"MARKET","m":false}}
2024-07-23T16:24:27.305821Z info 8027 {"stream":"ethusdt@trade","data":{"e":"trade","E":1721723067373,"T":1721723067373,"s":"ETHUSDT","t":4229210919,"p":"3474.91","q":"0.006","X":"MARKET","m":false}}
2024-07-23T16:24:27.305826Z info 8027 {"stream":"ethusdt@trade","data":{"e":"trade","E":1721723067373,"T":1721723067373,"s":"ETHUSDT","t":4229210920,"p":"3474.91","q":"0.006","X":"MARKET","m":false}}
2024-07-23T16:24:27.305834Z info 8027 {"stream":"ethusdt@trade","data":{"e":"trade","E":1721723067373,"T":1721723067373,"s":"ETHUSDT","t":4229210921,"p":"3474.92","q":"0.014","X":"MARKET","m":false}}
2024-07-23T16:24:27.305841Z info 8027 {"stream":"ethusdt@trade","data":{"e":"trade","E":1721723067373,"T":1721723067373,"s":"ETHUSDT","t":4229210922,"p":"3474.92","q":"0.071","X":"MARKET","m":false}}
2024-07-23T16:24:27.305846Z info 8027 {"stream":"ethusdt@trade","data":{"e":"trade","E":1721723067373,"T":1721723067373,"s":"ETHUSDT","t":4229210923,"p":"3474.92","q":"0.581","X":"MARKET","m":false}}
2024-07-23T16:24:27.305850Z info 8027 {"stream":"ethusdt@trade","data":{"e":"trade","E":1721723067373,"T":1721723067373,"s":"ETHUSDT","t":4229210924,"p":"3474.92","q":"0.015","X":"MARKET","m":false}}
2024-07-23T16:24:27.305855Z info 8027 {"stream":"ethusdt@trade","data":{"e":"trade","E":1721723067373,"T":1721723067373,"s":"ETHUSDT","t":4229210925,"p":"3474.92","q":"0.006","X":"MARKET","m":false}}
2024-07-23T16:24:27.305859Z info 8027 {"stream":"ethusdt@trade","data":{"e":"trade","E":1721723067373,"T":1721723067373,"s":"ETHUSDT","t":4229210926,"p":"3474.94","q":"0.047","X":"MARKET","m":false}}
2024-07-23T16:24:27.305863Z info 8027 {"stream":"ethusdt@trade","data":{"e":"trade","E":1721723067373,"T":1721723067373,"s":"ETHUSDT","t":4229210927,"p":"3474.94","q":"0.006","X":"MARKET","m":false}}
2024-07-23T16:24:27.305868Z info 8027 {"stream":"ethusdt@trade","data":{"e":"trade","E":1721723067373,"T":1721723067373,"s":"ETHUSDT","t":4229210928,"p":"3474.94","q":"0.050","X":"MARKET","m":false}}
2024-07-23T16:24:27.305872Z info 8027 {"stream":"ethusdt@trade","data":{"e":"trade","E":1721723067373,"T":1721723067373,"s":"ETHUSDT","t":4229210929,"p":"3474.95","q":"0.079","X":"MARKET","m":false}}
2024-07-23T16:24:27.305876Z info 8027 {"stream":"ethusdt@trade","data":{"e":"trade","E":1721723067373,"T":1721723067373,"s":"ETHUSDT","t":4229210930,"p":"3474.95","q":"0.440","X":"MARKET","m":false}}
2024-07-23T16:24:27.305881Z info 8027 {"stream":"ethusdt@trade","data":{"e":"trade","E":1721723067373,"T":1721723067373,"s":"ETHUSDT","t":4229210931,"p":"3474.96","q":"0.500","X":"MARKET","m":false}}
2024-07-23T16:24:27.305885Z info 8027 {"stream":"ethusdt@trade","data":{"e":"trade","E":1721723067373,"T":1721723067373,"s":"ETHUSDT","t":4229210932,"p":"3474.96","q":"0.009","X":"MARKET","m":false}}
2024-07-23T16:24:27.305906Z info 8027 {"stream":"ethusdt@trade","data":{"e":"trade","E":1721723067373,"T":1721723067373,"s":"ETHUSDT","t":4229210933,"p":"3474.96","q":"0.192","X":"MARKET","m":false}}
2024-07-23T16:24:27.305913Z info 8027 {"stream":"ethusdt@trade","data":{"e":"trade","E":1721723067373,"T":1721723067373,"s":"ETHUSDT","t":4229210934,"p":"3474.96","q":"14.278","X":"MARKET","m":false}}
2024-07-23T16:24:27.305919Z info 8027 {"stream":"ethusdt@trade","data":{"e":"trade","E":1721723067373,"T":1721723067373,"s":"ETHUSDT","t":4229210935,"p":"3474.96","q":"0.006","X":"MARKET","m":false}}
2024-07-23T16:24:27.305940Z info 8027 {"stream":"ethusdt@trade","data":{"e":"trade","E":1721723067373,"T":1721723067373,"s":"ETHUSDT","t":4229210936,"p":"3474.96","q":"0.057","X":"MARKET","m":false}}
2024-07-23T16:24:27.305948Z info 8027 {"stream":"ethusdt@trade","data":{"e":"trade","E":1721723067373,"T":1721723067373,"s":"ETHUSDT","t":4229210937,"p":"3474.96","q":"0.015","X":"MARKET","m":false}}
2024-07-23T16:24:27.305969Z info 8027 {"stream":"ethusdt@trade","data":{"e":"trade","E":1721723067373,"T":1721723067373,"s":"ETHUSDT","t":4229210938,"p":"3474.96","q":"1.439","X":"MARKET","m":false}}
2024-07-23T16:24:27.305990Z info 8027 {"stream":"ethusdt@trade","data":{"e":"trade","E":1721723067373,"T":1721723067373,"s":"ETHUSDT","t":4229210939,"p":"3474.97","q":"4.942","X":"MARKET","m":false}}
2024-07-23T16:24:27.305997Z info 8027 {"stream":"ethusdt@trade","data":{"e":"trade","E":1721723067373,"T":1721723067373,"s":"ETHUSDT","t":4229210940,"p":"3474.97","q":"0.006","X":"MARKET","m":false}}
2024-07-23T16:24:27.306002Z info 8027 {"stream":"ethusdt@trade","data":{"e":"trade","E":1721723067373,"T":1721723067373,"s":"ETHUSDT","t":4229210941,"p":"3474.97","q":"0.050","X":"MARKET","m":false}}
2024-07-23T16:24:27.306006Z info 8027 {"stream":"ethusdt@trade","data":{"e":"trade","E":1721723067373,"T":1721723067373,"s":"ETHUSDT","t":4229210942,"p":"3474.98","q":"0.300","X":"MARKET","m":false}}
2024-07-23T16:24:27.306011Z info 8027 {"stream":"ethusdt@trade","data":{"e":"trade","E":1721723067373,"T":1721723067373,"s":"ETHUSDT","t":4229210943,"p":"3474.98","q":"0.008","X":"MARKET","m":false}}
2024-07-23T16:24:27.306016Z info 8027 {"stream":"ethusdt@trade","data":{"e":"trade","E":1721723067373,"T":1721723067373,"s":"ETHUSDT","t":4229210944,"p":"3474.98","q":"0.440","X":"MARKET","m":false}}
2024-07-23T16:24:27.306020Z info 8027 {"stream":"ethusdt@trade","data":{"e":"trade","E":1721723067373,"T":1721723067373,"s":"ETHUSDT","t":4229210945,"p":"3474.98","q":"2.917","X":"MARKET","m":false}}
2024-07-23T16:24:27.306025Z info 8027 {"stream":"ethusdt@trade","data":{"e":"trade","E":1721723067373,"T":1721723067373,"s":"ETHUSDT","t":4229210946,"p":"3474.99","q":"0.015","X":"MARKET","m":false}}
2024-07-23T16:24:27.306029Z info 8027 {"stream":"ethusdt@trade","data":{"e":"trade","E":1721723067373,"T":1721723067373,"s":"ETHUSDT","t":4229210947,"p":"3474.99","q":"0.287","X":"MARKET","m":false}}
2024-07-23T16:24:27.306034Z info 8027 {"stream":"ethusdt@trade","data":{"e":"trade","E":1721723067373,"T":1721723067373,"s":"ETHUSDT","t":4229210948,"p":"3474.99","q":"1.440","X":"MARKET","m":false}}
2024-07-23T16:24:27.306039Z info 8027 {"stream":"ethusdt@trade","data":{"e":"trade","E":1721723067373,"T":1721723067373,"s":"ETHUSDT","t":4229210949,"p":"3474.99","q":"0.020","X":"MARKET","m":false}}
2024-07-23T16:24:27.306044Z info 8027 {"stream":"ethusdt@trade","data":{"e":"trade","E":1721723067373,"T":1721723067373,"s":"ETHUSDT","t":4229210950,"p":"3475.00","q":"0.699","X":"MARKET","m":false}}
2024-07-23T16:24:27.306048Z info 8027 {"stream":"ethusdt@trade","data":{"e":"trade","E":1721723067373,"T":1721723067373,"s":"ETHUSDT","t":4229210951,"p":"3475.00","q":"0.006","X":"MARKET","m":false}}
2024-07-23T16:24:27.306054Z info 8027 {"stream":"ethusdt@trade","data":{"e":"trade","E":1721723067373,"T":1721723067373,"s":"ETHUSDT","t":4229210952,"p":"3475.00","q":"0.006","X":"MARKET","m":false}}
2024-07-23T16:24:27.306065Z info 8027 {"stream":"ethusdt@trade","data":{"e":"trade","E":1721723067373,"T":1721723067373,"s":"ETHUSDT","t":4229210953,"p":"3475.00","q":"0.007","X":"MARKET","m":false}}
2024-07-23T16:24:27.306070Z info 8027 {"stream":"ethusdt@trade","data":{"e":"trade","E":1721723067373,"T":1721723067373,"s":"ETHUSDT","t":4229210954,"p":"3475.00","q":"0.007","X":"MARKET","m":false}}
2024-07-23T16:24:27.306074Z info 8027 {"stream":"ethusdt@trade","data":{"e":"trade","E":1721723067373,"T":1721723067373,"s":"ETHUSDT","t":4229210955,"p":"3475.00","q":"0.008","X":"MARKET","m":false}}
2024-07-23T16:24:27.306078Z info 8027 {"stream":"ethusdt@trade","data":{"e":"trade","E":1721723067373,"T":1721723067373,"s":"ETHUSDT","t":4229210956,"p":"3475.00","q":"0.651","X":"MARKET","m":false}}
2024-07-23T16:24:27.306083Z info 8027 {"stream":"ethusdt@trade","data":{"e":"trade","E":1721723067373,"T":1721723067373,"s":"ETHUSDT","t":4229210957,"p":"3475.00","q":"0.007","X":"MARKET","m":false}}
2024-07-23T16:24:27.306087Z info 8027 {"stream":"ethusdt@trade","data":{"e":"trade","E":1721723067373,"T":1721723067373,"s":"ETHUSDT","t":4229210958,"p":"3475.00","q":"0.010","X":"MARKET","m":false}}
2024-07-23T16:24:27.306092Z info 8027 {"stream":"ethusdt@trade","data":{"e":"trade","E":1721723067373,"T":1721723067373,"s":"ETHUSDT","t":4229210959,"p":"3475.00","q":"0.010","X":"MARKET","m":false}}
2024-07-23T16:24:27.306096Z info 8027 {"stream":"ethusdt@trade","data":{"e":"trade","E":1721723067373,"T":1721723067373,"s":"ETHUSDT","t":4229210960,"p":"3475.00","q":"0.006","X":"MARKET","m":false}}
2024-07-23T16:24:27.306101Z info 8027 {"stream":"ethusdt@trade","data":{"e":"trade","E":1721723067373,"T":1721723067373,"s":"ETHUSDT","t":4229210961,"p":"3475.00","q":"0.109","X":"MARKET","m":false}}
2024-07-23T16:24:27.306105Z info 8027 {"stream":"ethusdt@trade","data":{"e":"trade","E":1721723067373,"T":1721723067373,"s":"ETHUSDT","t":4229210962,"p":"3475.00","q":"0.134","X":"MARKET","m":false}}
2024-07-23T16:24:27.306110Z info 8027 {"stream":"ethusdt@trade","data":{"e":"trade","E":1721723067373,"T":1721723067373,"s":"ETHUSDT","t":4229210963,"p":"3475.00","q":"0.011","X":"MARKET","m":false}}
2024-07-23T16:24:27.306114Z info 8027 {"stream":"ethusdt@trade","data":{"e":"trade","E":1721723067373,"T":1721723067373,"s":"ETHUSDT","t":4229210964,"p":"3475.00","q":"0.086","X":"MARKET","m":false}}
2024-07-23T16:24:27.306118Z info 8027 {"stream":"ethusdt@trade","data":{"e":"trade","E":1721723067373,"T":1721723067373,"s":"ETHUSDT","t":4229210965,"p":"3475.00","q":"0.135","X":"MARKET","m":false}}
2024-07-23T16:24:27.306122Z info 8027 {"stream":"ethusdt@trade","data":{"e":"trade","E":1721723067373,"T":1721723067373,"s":"ETHUSDT","t":4229210966,"p":"3475.00","q":"0.013","X":"MARKET","m":false}}
2024-07-23T16:24:27.306127Z info 8027 {"stream":"ethusdt@trade","data":{"e":"trade","E":1721723067373,"T":1721723067373,"s":"ETHUSDT","t":4229210967,"p":"3475.00","q":"0.014","X":"MARKET","m":false}}
2024-07-23T16:24:27.306131Z info 8027 {"stream":"ethusdt@trade","data":{"e":"trade","E":1721723067373,"T":1721723067373,"s":"ETHUSDT","t":4229210968,"p":"3475.00","q":"0.020","X":"MARKET","m":false}}
2024-07-23T16:24:27.306135Z info 8027 {"stream":"ethusdt@trade","data":{"e":"trade","E":1721723067373,"T":1721723067373,"s":"ETHUSDT","t":4229210969,"p":"3475.00","q":"0.007","X":"MARKET","m":false}}
2024-07-23T16:24:27.306140Z info 8027 {"stream":"ethusdt@trade","data":{"e":"trade","E":1721723067373,"T":1721723067373,"s":"ETHUSDT","t":4229210970,"p":"3475.00","q":"0.007","X":"MARKET","m":false}}
2024-07-23T16:24:27.306144Z info 8027 {"stream":"ethusdt@trade","data":{"e":"trade","E":1721723067373,"T":1721723067373,"s":"ETHUSDT","t":4229210971,"p":"3475.00","q":"0.009","X":"MARKET","m":false}}
2024-07-23T16:24:27.306149Z info 8027 {"stream":"ethusdt@trade","data":{"e":"trade","E":1721723067374,"T":1721723067373,"s":"ETHUSDT","t":4229210972,"p":"3475.00","q":"0.007","X":"MARKET","m":false}}
2024-07-23T16:24:27.306153Z info 8027 {"stream":"ethusdt@trade","data":{"e":"trade","E":1721723067374,"T":1721723067373,"s":"ETHUSDT","t":4229210973,"p":"3475.00","q":"0.011","X":"MARKET","m":false}}
2024-07-23T16:24:27.306157Z info 8027 {"stream":"ethusdt@trade","data":{"e":"trade","E":1721723067374,"T":1721723067373,"s":"ETHUSDT","t":4229210974,"p":"3475.00","q":"0.009","X":"MARKET","m":false}}
2024-07-23T16:24:27.384933Z info 8027 {"stream":"ethusdt@trade","data":{"e":"trade","E":1721723067374,"T":1721723067373,"s":"ETHUSDT","t":4229210975,"p":"3475.00","q":"0.016","X":"MARKET","m":false}}
2024-07-23T16:24:27.384978Z info 8027 {"stream":"ethusdt@trade","data":{"e":"trade","E":1721723067374,"T":1721723067373,"s":"ETHUSDT","t":4229210976,"p":"3475.00","q":"0.007","X":"MARKET","m":false}}
2024-07-23T16:24:27.384995Z info 8027 {"stream":"ethusdt@trade","data":{"e":"trade","E":1721723067374,"T":1721723067373,"s":"ETHUSDT","t":4229210977,"p":"3475.00","q":"0.018","X":"MARKET","m":false}}
2024-07-23T16:24:27.385029Z info 8027 {"stream":"ethusdt@trade","data":{"e":"trade","E":1721723067374,"T":1721723067373,"s":"ETHUSDT","t":4229210978,"p":"3475.00","q":"0.006","X":"MARKET","m":false}}
2024-07-23T16:24:27.385050Z info 8027 {"stream":"ethusdt@trade","data":{"e":"trade","E":1721723067374,"T":1721723067373,"s":"ETHUSDT","t":4229210979,"p":"3475.00","q":"0.028","X":"MARKET","m":false}}
2024-07-23T16:24:27.385071Z info 8027 {"stream":"ethusdt@trade","data":{"e":"trade","E":1721723067374,"T":1721723067373,"s":"ETHUSDT","t":4229210980,"p":"3475.00","q":"0.011","X":"MARKET","m":false}}
2024-07-23T16:24:27.385081Z info 8027 {"stream":"ethusdt@trade","data":{"e":"trade","E":1721723067374,"T":1721723067373,"s":"ETHUSDT","t":4229210981,"p":"3475.00","q":"0.009","X":"MARKET","m":false}}
2024-07-23T16:24:27.385102Z info 8027 {"stream":"ethusdt@trade","data":{"e":"trade","E":1721723067374,"T":1721723067373,"s":"ETHUSDT","t":4229210982,"p":"3475.00","q":"0.068","X":"MARKET","m":false}}
2024-07-23T16:24:27.385134Z info 8027 {"stream":"ethusdt@trade","data":{"e":"trade","E":1721723067374,"T":1721723067373,"s":"ETHUSDT","t":4229210983,"p":"3475.00","q":"0.052","X":"MARKET","m":false}}
2024-07-23T16:24:27.385155Z info 8027 {"stream":"ethusdt@trade","data":{"e":"trade","E":1721723067374,"T":1721723067373,"s":"ETHUSDT","t":4229210984,"p":"3475.00","q":"0.040","X":"MARKET","m":false}}
2024-07-23T16:24:27.385178Z info 8027 {"stream":"ethusdt@trade","data":{"e":"trade","E":1721723067374,"T":1721723067373,"s":"ETHUSDT","t":4229210985,"p":"3475.00","q":"0.010","X":"MARKET","m":false}}
2024-07-23T16:24:27.385199Z info 8027 {"stream":"ethusdt@trade","data":{"e":"trade","E":1721723067374,"T":1721723067373,"s":"ETHUSDT","t":4229210986,"p":"3475.00","q":"0.009","X":"MARKET","m":false}}
2024-07-23T16:24:27.385205Z info 8027 {"stream":"ethusdt@trade","data":{"e":"trade","E":1721723067374,"T":1721723067373,"s":"ETHUSDT","t":4229210987,"p":"3475.00","q":"0.009","X":"MARKET","m":false}}
2024-07-23T16:24:27.385227Z info 8027 {"stream":"ethusdt@trade","data":{"e":"trade","E":1721723067374,"T":1721723067373,"s":"ETHUSDT","t":4229210988,"p":"3475.00","q":"0.026","X":"MARKET","m":false}}
2024-07-23T16:24:27.385235Z info 8027 {"stream":"ethusdt@trade","data":{"e":"trade","E":1721723067374,"T":1721723067373,"s":"ETHUSDT","t":4229210989,"p":"3475.00","q":"0.009","X":"MARKET","m":false}}
2024-07-23T16:24:27.385241Z info 8027 {"stream":"ethusdt@trade","data":{"e":"trade","E":1721723067374,"T":1721723067373,"s":"ETHUSDT","t":4229210990,"p":"3475.00","q":"0.020","X":"MARKET","m":false}}
2024-07-23T16:24:27.385246Z info 8027 {"stream":"ethusdt@trade","data":{"e":"trade","E":1721723067374,"T":1721723067373,"s":"ETHUSDT","t":4229210991,"p":"3475.00","q":"0.009","X":"MARKET","m":false}}
2024-07-23T16:24:27.385251Z info 8027 {"stream":"ethusdt@trade","data":{"e":"trade","E":1721723067374,"T":1721723067373,"s":"ETHUSDT","t":4229210992,"p":"3475.00","q":"0.010","X":"MARKET","m":false}}
2024-07-23T16:24:27.385255Z info 8027 {"stream":"ethusdt@trade","data":{"e":"trade","E":1721723067374,"T":1721723067373,"s":"ETHUSDT","t":4229210993,"p":"3475.00","q":"0.010","X":"MARKET","m":false}}
2024-07-23T16:24:27.385260Z info 8027 {"stream":"ethusdt@trade","data":{"e":"trade","E":1721723067374,"T":1721723067373,"s":"ETHUSDT","t":4229210994,"p":"3475.00","q":"0.010","X":"MARKET","m":false}}
2024-07-23T16:24:27.385265Z info 8027 {"stream":"ethusdt@trade","data":{"e":"trade","E":1721723067374,"T":1721723067373,"s":"ETHUSDT","t":4229210995,"p":"3475.00","q":"0.010","X":"MARKET","m":false}}
2024-07-23T16:24:27.385269Z info 8027 {"stream":"ethusdt@trade","data":{"e":"trade","E":1721723067374,"T":1721723067373,"s":"ETHUSDT","t":4229210996,"p":"3475.00","q":"0.010","X":"MARKET","m":false}}
2024-07-23T16:24:27.385274Z info 8027 {"stream":"ethusdt@trade","data":{"e":"trade","E":1721723067374,"T":1721723067373,"s":"ETHUSDT","t":4229210997,"p":"3475.00","q":"0.009","X":"MARKET","m":false}}
2024-07-23T16:24:27.385279Z info 8027 {"stream":"ethusdt@trade","data":{"e":"trade","E":1721723067374,"T":1721723067373,"s":"ETHUSDT","t":4229210998,"p":"3475.00","q":"0.010","X":"MARKET","m":false}}
2024-07-23T16:24:27.385284Z info 8027 {"stream":"ethusdt@trade","data":{"e":"trade","E":1721723067374,"T":1721723067373,"s":"ETHUSDT","t":4229210999,"p":"3475.00","q":"0.010","X":"MARKET","m":false}}
2024-07-23T16:24:27.385288Z info 8027 {"stream":"ethusdt@trade","data":{"e":"trade","E":1721723067374,"T":1721723067373,"s":"ETHUSDT","t":4229211000,"p":"3475.00","q":"0.009","X":"MARKET","m":false}}
2024-07-23T16:24:27.385293Z info 8027 {"stream":"ethusdt@trade","data":{"e":"trade","E":1721723067374,"T":1721723067373,"s":"ETHUSDT","t":4229211001,"p":"3475.00","q":"0.015","X":"MARKET","m":false}}
2024-07-23T16:24:27.385297Z info 8027 {"stream":"ethusdt@trade","data":{"e":"trade","E":1721723067374,"T":1721723067373,"s":"ETHUSDT","t":4229211002,"p":"3475.00","q":"0.017","X":"MARKET","m":false}}
2024-07-23T16:24:27.385302Z info 8027 {"stream":"ethusdt@trade","data":{"e":"trade","E":1721723067374,"T":1721723067373,"s":"ETHUSDT","t":4229211003,"p":"3475.00","q":"0.027","X":"MARKET","m":false}}
2024-07-23T16:24:27.385307Z info 8027 {"stream":"ethusdt@trade","data":{"e":"trade","E":1721723067374,"T":1721723067373,"s":"ETHUSDT","t":4229211004,"p":"3475.00","q":"0.022","X":"MARKET","m":false}}
2024-07-23T16:24:27.385311Z info 8027 {"stream":"ethusdt@trade","data":{"e":"trade","E":1721723067374,"T":1721723067373,"s":"ETHUSDT","t":4229211005,"p":"3475.00","q":"0.043","X":"MARKET","m":false}}
2024-07-23T16:24:27.385316Z info 8027 {"stream":"ethusdt@trade","data":{"e":"trade","E":1721723067374,"T":1721723067373,"s":"ETHUSDT","t":4229211006,"p":"3475.00","q":"0.009","X":"MARKET","m":false}}
2024-07-23T16:24:27.385320Z info 8027 {"stream":"ethusdt@trade","data":{"e":"trade","E":1721723067374,"T":1721723067373,"s":"ETHUSDT","t":4229211007,"p":"3475.00","q":"0.091","X":"MARKET","m":false}}
2024-07-23T16:24:27.385325Z info 8027 {"stream":"ethusdt@trade","data":{"e":"trade","E":1721723067374,"T":1721723067373,"s":"ETHUSDT","t":4229211008,"p":"3475.00","q":"0.026","X":"MARKET","m":false}}
2024-07-23T16:24:27.385329Z info 8027 {"stream":"ethusdt@trade","data":{"e":"trade","E":1721723067374,"T":1721723067373,"s":"ETHUSDT","t":4229211009,"p":"3475.00","q":"0.007","X":"MARKET","m":false}}
2024-07-23T16:24:27.385342Z info 8027 {"stream":"ethusdt@trade","data":{"e":"trade","E":1721723067374,"T":1721723067373,"s":"ETHUSDT","t":4229211010,"p":"3475.00","q":"0.041","X":"MARKET","m":false}}
2024-07-23T16:24:27.385346Z info 8027 {"stream":"ethusdt@trade","data":{"e":"trade","E":1721723067374,"T":1721723067373,"s":"ETHUSDT","t":4229211011,"p":"3475.00","q":"0.010","X":"MARKET","m":false}}
2024-07-23T16:24:27.385351Z info 8027 {"stream":"ethusdt@trade","data":{"e":"trade","E":1721723067374,"T":1721723067373,"s":"ETHUSDT","t":4229211012,"p":"3475.00","q":"0.036","X":"MARKET","m":false}}
2024-07-23T16:24:27.385355Z info 8027 {"stream":"ethusdt@trade","data":{"e":"trade","E":1721723067374,"T":1721723067373,"s":"ETHUSDT","t":4229211013,"p":"3475.00","q":"0.009","X":"MARKET","m":false}}
2024-07-23T16:24:27.385360Z info 8027 {"stream":"ethusdt@trade","data":{"e":"trade","E":1721723067374,"T":1721723067373,"s":"ETHUSDT","t":4229211014,"p":"3475.00","q":"0.016","X":"MARKET","m":false}}
2024-07-23T16:24:27.385364Z info 8027 {"stream":"ethusdt@trade","data":{"e":"trade","E":1721723067374,"T":1721723067373,"s":"ETHUSDT","t":4229211015,"p":"3475.00","q":"0.007","X":"MARKET","m":false}}
2024-07-23T16:24:27.385369Z info 8027 {"stream":"ethusdt@trade","data":{"e":"trade","E":1721723067374,"T":1721723067373,"s":"ETHUSDT","t":4229211016,"p":"3475.00","q":"0.028","X":"MARKET","m":false}}
2024-07-23T16:24:27.385374Z info 8027 {"stream":"ethusdt@trade","data":{"e":"trade","E":1721723067374,"T":1721723067373,"s":"ETHUSDT","t":4229211017,"p":"3475.00","q":"0.027","X":"MARKET","m":false}}
2024-07-23T16:24:27.385378Z info 8027 {"stream":"ethusdt@trade","data":{"e":"trade","E":1721723067374,"T":1721723067373,"s":"ETHUSDT","t":4229211018,"p":"3475.00","q":"0.009","X":"MARKET","m":false}}
2024-07-23T16:24:27.385382Z info 8027 {"stream":"ethusdt@trade","data":{"e":"trade","E":1721723067374,"T":1721723067373,"s":"ETHUSDT","t":4229211019,"p":"3475.00","q":"0.014","X":"MARKET","m":false}}
2024-07-23T16:24:27.385387Z info 8027 {"stream":"ethusdt@trade","data":{"e":"trade","E":1721723067374,"T":1721723067373,"s":"ETHUSDT","t":4229211020,"p":"3475.00","q":"0.006","X":"MARKET","m":false}}
2024-07-23T16:24:27.385391Z info 8027 {"stream":"ethusdt@trade","data":{"e":"trade","E":1721723067374,"T":1721723067373,"s":"ETHUSDT","t":4229211021,"p":"3475.00","q":"0.027","X":"MARKET","m":false}}
2024-07-23T16:24:27.385396Z info 8027 {"stream":"ethusdt@trade","data":{"e":"trade","E":1721723067374,"T":1721723067373,"s":"ETHUSDT","t":4229211022,"p":"3475.00","q":"0.062","X":"MARKET","m":false}}
2024-07-23T16:24:27.385400Z info 8027 {"stream":"ethusdt@trade","data":{"e":"trade","E":1721723067374,"T":1721723067373,"s":"ETHUSDT","t":4229211023,"p":"3475.00","q":"0.006","X":"MARKET","m":false}}
2024-07-23T16:24:27.385405Z info 8027 {"stream":"ethusdt@trade","data":{"e":"trade","E":1721723067374,"T":1721723067373,"s":"ETHUSDT","t":4229211024,"p":"3475.00","q":"0.007","X":"MARKET","m":false}}
2024-07-23T16:24:27.385413Z info 8027 {"stream":"ethusdt@trade","data":{"e":"trade","E":1721723067374,"T":1721723067373,"s":"ETHUSDT","t":4229211025,"p":"3475.00","q":"0.576","X":"MARKET","m":false}}
2024-07-23T16:24:27.385432Z info 8027 {"stream":"ethusdt@trade","data":{"e":"trade","E":1721723067374,"T":1721723067373,"s":"ETHUSDT","t":4229211026,"p":"3475.00","q":"0.599","X":"MARKET","m":false}}
2024-07-23T16:24:27.385436Z info 8027 {"stream":"ethusdt@trade","data":{"e":"trade","E":1721723067374,"T":1721723067373,"s":"ETHUSDT","t":4229211027,"p":"3475.00","q":"0.008","X":"MARKET","m":false}}
2024-07-23T16:24:27.385441Z info 8027 {"stream":"ethusdt@trade","data":{"e":"trade","E":1721723067374,"T":1721723067373,"s":"ETHUSDT","t":4229211028,"p":"3475.00","q":"0.013","X":"MARKET","m":false}}
2024-07-23T16:24:27.385445Z info 8027 {"stream":"ethusdt@trade","data":{"e":"trade","E":1721723067374,"T":1721723067373,"s":"ETHUSDT","t":4229211029,"p":"3475.00","q":"0.008","X":"MARKET","m":false}}
2024-07-23T16:24:27.385450Z info 8027 {"stream":"ethusdt@trade","data":{"e":"trade","E":1721723067374,"T":1721723067373,"s":"ETHUSDT","t":4229211030,"p":"3475.00","q":"0.432","X":"MARKET","m":false}}
2024-07-23T16:24:27.385454Z info 8027 {"stream":"ethusdt@trade","data":{"e":"trade","E":1721723067374,"T":1721723067373,"s":"ETHUSDT","t":4229211031,"p":"3475.00","q":"0.062","X":"MARKET","m":false}}
2024-07-23T16:24:27.385458Z info 8027 {"stream":"ethusdt@trade","data":{"e":"trade","E":1721723067374,"T":1721723067373,"s":"ETHUSDT","t":4229211032,"p":"3475.00","q":"0.077","X":"MARKET","m":false}}
2024-07-23T16:24:27.385463Z info 8027 {"stream":"ethusdt@trade","data":{"e":"trade","E":1721723067374,"T":1721723067373,"s":"ETHUSDT","t":4229211033,"p":"3475.00","q":"0.039","X":"MARKET","m":false}}
2024-07-23T16:24:27.385467Z info 8027 {"stream":"ethusdt@trade","data":{"e":"trade","E":1721723067374,"T":1721723067373,"s":"ETHUSDT","t":4229211034,"p":"3475.00","q":"0.034","X":"MARKET","m":false}}
2024-07-23T16:24:27.385472Z info 8027 {"stream":"ethusdt@trade","data":{"e":"trade","E":1721723067374,"T":1721723067373,"s":"ETHUSDT","t":4229211035,"p":"3475.00","q":"0.037","X":"MARKET","m":false}}
2024-07-23T16:24:27.385477Z info 8027 {"stream":"ethusdt@trade","data":{"e":"trade","E":1721723067374,"T":1721723067373,"s":"ETHUSDT","t":4229211036,"p":"3475.00","q":"0.008","X":"MARKET","m":false}}
2024-07-23T16:24:27.385482Z info 8027 {"stream":"ethusdt@trade","data":{"e":"trade","E":1721723067374,"T":1721723067373,"s":"ETHUSDT","t":4229211037,"p":"3475.00","q":"0.454","X":"MARKET","m":false}}
2024-07-23T16:24:27.385487Z info 8027 {"stream":"ethusdt@trade","data":{"e":"trade","E":1721723067374,"T":1721723067373,"s":"ETHUSDT","t":4229211038,"p":"3475.00","q":"0.054","X":"MARKET","m":false}}
2024-07-23T16:24:27.385492Z info 8027 {"stream":"ethusdt@trade","data":{"e":"trade","E":1721723067374,"T":1721723067373,"s":"ETHUSDT","t":4229211039,"p":"3475.00","q":"0.379","X":"MARKET","m":false}}
2024-07-23T16:24:27.385513Z info 8027 {"stream":"ethusdt@trade","data":{"e":"trade","E":1721723067374,"T":1721723067373,"s":"ETHUSDT","t":4229211040,"p":"3475.00","q":"0.090","X":"MARKET","m":false}}
2024-07-23T16:24:27.385534Z info 8027 {"stream":"ethusdt@trade","data":{"e":"trade","E":1721723067374,"T":1721723067373,"s":"ETHUSDT","t":4229211041,"p":"3475.00","q":"0.029","X":"MARKET","m":false}}
2024-07-23T16:24:27.385540Z info 8027 {"stream":"ethusdt@trade","data":{"e":"trade","E":1721723067374,"T":1721723067373,"s":"ETHUSDT","t":4229211042,"p":"3475.00","q":"0.006","X":"MARKET","m":false}}
2024-07-23T16:24:27.385545Z info 8027 {"stream":"ethusdt@trade","data":{"e":"trade","E":1721723067374,"T":1721723067373,"s":"ETHUSDT","t":4229211043,"p":"3475.00","q":"0.017","X":"MARKET","m":false}}
2024-07-23T16:24:27.385550Z info 8027 {"stream":"ethusdt@trade","data":{"e":"trade","E":1721723067374,"T":1721723067373,"s":"ETHUSDT","t":4229211044,"p":"3475.00","q":"0.010","X":"MARKET","m":false}}
2024-07-23T16:24:27.385554Z info 8027 {"stream":"ethusdt@trade","data":{"e":"trade","E":1721723067374,"T":1721723067373,"s":"ETHUSDT","t":4229211045,"p":"3475.00","q":"0.008","X":"MARKET","m":false}}
2024-07-23T16:24:27.385559Z info 8027 {"stream":"ethusdt@trade","data":{"e":"trade","E":1721723067374,"T":1721723067373,"s":"ETHUSDT","t":4229211046,"p":"3475.00","q":"0.007","X":"MARKET","m":false}}
2024-07-23T16:24:27.385563Z info 8027 {"stream":"ethusdt@trade","data":{"e":"trade","E":1721723067374,"T":1721723067373,"s":"ETHUSDT","t":4229211047,"p":"3475.00","q":"0.025","X":"MARKET","m":false}}
2024-07-23T16:24:27.385567Z info 8027 {"stream":"ethusdt@trade","data":{"e":"trade","E":1721723067374,"T":1721723067373,"s":"ETHUSDT","t":4229211048,"p":"3475.00","q":"0.085","X":"MARKET","m":false}}
2024-07-23T16:24:27.385571Z info 8027 {"stream":"ethusdt@trade","data":{"e":"trade","E":1721723067374,"T":1721723067373,"s":"ETHUSDT","t":4229211049,"p":"3475.00","q":"0.008","X":"MARKET","m":false}}
2024-07-23T16:24:27.385576Z info 8027 {"stream":"ethusdt@trade","data":{"e":"trade","E":1721723067374,"T":1721723067373,"s":"ETHUSDT","t":4229211050,"p":"3475.00","q":"0.012","X":"MARKET","m":false}}
2024-07-23T16:24:27.385580Z info 8027 {"stream":"ethusdt@trade","data":{"e":"trade","E":1721723067374,"T":1721723067373,"s":"ETHUSDT","t":4229211051,"p":"3475.00","q":"0.045","X":"MARKET","m":false}}
2024-07-23T16:24:27.385584Z info 8027 {"stream":"ethusdt@trade","data":{"e":"trade","E":1721723067374,"T":1721723067373,"s":"ETHUSDT","t":4229211052,"p":"3475.00","q":"0.006","X":"MARKET","m":false}}
2024-07-23T16:24:27.385588Z info 8027 {"stream":"ethusdt@trade","data":{"e":"trade","E":1721723067374,"T":1721723067373,"s":"ETHUSDT","t":4229211053,"p":"3475.00","q":"0.017","X":"MARKET","m":false}}
2024-07-23T16:24:27.385593Z info 8027 {"stream":"ethusdt@trade","data":{"e":"trade","E":1721723067374,"T":1721723067373,"s":"ETHUSDT","t":4229211054,"p":"3475.00","q":"0.043","X":"MARKET","m":false}}
2024-07-23T16:24:27.385597Z info 8027 {"stream":"ethusdt@trade","data":{"e":"trade","E":1721723067374,"T":1721723067373,"s":"ETHUSDT","t":4229211055,"p":"3475.00","q":"0.015","X":"MARKET","m":false}}
2024-07-23T16:24:27.385601Z info 8027 {"stream":"ethusdt@trade","data":{"e":"trade","E":1721723067374,"T":1721723067373,"s":"ETHUSDT","t":4229211056,"p":"3475.00","q":"0.015","X":"MARKET","m":false}}
2024-07-23T16:24:27.385606Z info 8027 {"stream":"ethusdt@trade","data":{"e":"trade","E":1721723067374,"T":1721723067373,"s":"ETHUSDT","t":4229211057,"p":"3475.00","q":"0.011","X":"MARKET","m":false}}
2024-07-23T16:24:27.385610Z info 8027 {"stream":"ethusdt@trade","data":{"e":"trade","E":1721723067374,"T":1721723067373,"s":"ETHUSDT","t":4229211058,"p":"3475.00","q":"0.500","X":"MARKET","m":false}}
2024-07-23T16:24:27.385614Z info 8027 {"stream":"ethusdt@trade","data":{"e":"trade","E":1721723067374,"T":1721723067373,"s":"ETHUSDT","t":4229211059,"p":"3475.00","q":"0.017","X":"MARKET","m":false}}
2024-07-23T16:24:27.385619Z info 8027 {"stream":"ethusdt@trade","data":{"e":"trade","E":1721723067374,"T":1721723067373,"s":"ETHUSDT","t":4229211060,"p":"3475.00","q":"0.500","X":"MARKET","m":false}}
2024-07-23T16:24:27.385623Z info 8027 {"stream":"ethusdt@trade","data":{"e":"trade","E":1721723067374,"T":1721723067373,"s":"ETHUSDT","t":4229211061,"p":"3475.00","q":"2.580","X":"MARKET","m":false}}
2024-07-23T16:24:27.385628Z info 8027 {"stream":"ethusdt@trade","data":{"e":"trade","E":1721723067374,"T":1721723067373,"s":"ETHUSDT","t":4229211062,"p":"3475.00","q":"0.077","X":"MARKET","m":false}}
2024-07-23T16:24:27.385632Z info 8027 {"stream":"ethusdt@trade","data":{"e":"trade","E":1721723067374,"T":1721723067373,"s":"ETHUSDT","t":4229211063,"p":"3475.00","q":"25.000","X":"MARKET","m":false}}
2024-07-23T16:24:27.385636Z info 8027 {"stream":"ethusdt@trade","data":{"e":"trade","E":1721723067374,"T":1721723067373,"s":"ETHUSDT","t":4229211064,"p":"3475.00","q":"1.294","X":"MARKET","m":false}}
2024-07-23T16:24:27.385641Z info 8027 {"stream":"ethusdt@trade","data":{"e":"trade","E":1721723067374,"T":1721723067373,"s":"ETHUSDT","t":4229211065,"p":"3475.00","q":"0.037","X":"MARKET","m":false}}
2024-07-23T16:24:27.385645Z info 8027 {"stream":"ethusdt@trade","data":{"e":"trade","E":1721723067374,"T":1721723067373,"s":"ETHUSDT","t":4229211066,"p":"3475.00","q":"2.000","X":"MARKET","m":false}}
2024-07-23T16:24:27.385649Z info 8027 {"stream":"ethusdt@trade","data":{"e":"trade","E":1721723067374,"T":1721723067373,"s":"ETHUSDT","t":4229211067,"p":"3475.00","q":"0.832","X":"MARKET","m":false}}
2024-07-23T16:24:27.385654Z info 8027 {"stream":"ethusdt@trade","data":{"e":"trade","E":1721723067374,"T":1721723067373,"s":"ETHUSDT","t":4229211068,"p":"3475.00","q":"0.023","X":"MARKET","m":false}}
2024-07-23T16:24:27.385658Z info 8027 {"stream":"ethusdt@trade","data":{"e":"trade","E":1721723067374,"T":1721723067373,"s":"ETHUSDT","t":4229211069,"p":"3475.00","q":"0.010","X":"MARKET","m":false}}
2024-07-23T16:24:27.385662Z info 8027 {"stream":"ethusdt@trade","data":{"e":"trade","E":1721723067374,"T":1721723067373,"s":"ETHUSDT","t":4229211070,"p":"3475.00","q":"0.040","X":"MARKET","m":false}}
2024-07-23T16:24:27.385666Z info 8027 {"stream":"ethusdt@trade","data":{"e":"trade","E":1721723067374,"T":1721723067373,"s":"ETHUSDT","t":4229211071,"p":"3475.00","q":"1.000","X":"MARKET","m":false}}
2024-07-23T16:24:27.385672Z info 8027 {"stream":"ethusdt@trade","data":{"e":"trade","E":1721723067374,"T":1721723067373,"s":"ETHUSDT","t":4229211072,"p":"3475.00","q":"0.100","X":"MARKET","m":false}}
2024-07-23T16:24:27.385677Z info 8027 {"stream":"ethusdt@trade","data":{"e":"trade","E":1721723067374,"T":1721723067374,"s":"ETHUSDT","t":4229211073,"p":"3475.00","q":"0.007","X":"MARKET","m":false}}
2024-07-23T16:24:27.385681Z info 8027 {"stream":"ethusdt@trade","data":{"e":"trade","E":1721723067374,"T":1721723067374,"s":"ETHUSDT","t":4229211074,"p":"3475.00","q":"0.021","X":"MARKET","m":false}}
2024-07-23T16:24:27.385686Z info 8027 {"stream":"ethusdt@trade","data":{"e":"trade","E":1721723067374,"T":1721723067374,"s":"ETHUSDT","t":4229211075,"p":"3475.00","q":"0.621","X":"MARKET","m":false}}
2024-07-23T16:24:27.385691Z info 8027 {"stream":"ethusdt@trade","data":{"e":"trade","E":1721723067374,"T":1721723067374,"s":"ETHUSDT","t":4229211076,"p":"3475.00","q":"1.021","X":"MARKET","m":false}}
2024-07-23T16:24:27.385695Z info 8027 {"stream":"ethusdt@trade","data":{"e":"trade","E":1721723067374,"T":1721723067374,"s":"ETHUSDT","t":4229211077,"p":"3475.00","q":"0.580","X":"MARKET","m":false}}
2024-07-23T16:24:27.385700Z info 8027 {"stream":"ethusdt@trade","data":{"e":"trade","E":1721723067374,"T":1721723067374,"s":"ETHUSDT","t":4229211078,"p":"3475.00","q":"0.014","X":"MARKET","m":false}}
2024-07-23T16:24:27.385705Z info 8027 {"stream":"ethusdt@trade","data":{"e":"trade","E":1721723067374,"T":1721723067374,"s":"ETHUSDT","t":4229211079,"p":"3475.00","q":"0.059","X":"MARKET","m":false}}
2024-07-23T16:24:27.385725Z info 8027 {"stream":"ethusdt@trade","data":{"e":"trade","E":1721723067374,"T":1721723067374,"s":"ETHUSDT","t":4229211080,"p":"3475.00","q":"0.726","X":"MARKET","m":false}}
2024-07-23T16:24:27.385747Z info 8027 {"stream":"ethusdt@trade","data":{"e":"trade","E":1721723067374,"T":1721723067374,"s":"ETHUSDT","t":4229211081,"p":"3475.00","q":"2.000","X":"MARKET","m":false}}
2024-07-23T16:24:27.385768Z info 8027 {"stream":"ethusdt@trade","data":{"e":"trade","E":1721723067374,"T":1721723067374,"s":"ETHUSDT","t":4229211082,"p":"3475.00","q":"0.550","X":"MARKET","m":false}}
2024-07-23T16:24:27.385774Z info 8027 {"stream":"ethusdt@trade","data":{"e":"trade","E":1721723067374,"T":1721723067374,"s":"ETHUSDT","t":4229211083,"p":"3475.00","q":"0.450","X":"MARKET","m":false}}
2024-07-23T16:24:27.385778Z info 8027 {"stream":"ethusdt@trade","data":{"e":"trade","E":1721723067374,"T":1721723067374,"s":"ETHUSDT","t":4229211084,"p":"3475.00","q":"0.100","X":"MARKET","m":false}}
2024-07-23T16:24:27.385819Z info 8027 {"stream":"ethusdt@trade","data":{"e":"trade","E":1721723067374,"T":1721723067374,"s":"ETHUSDT","t":4229211085,"p":"3475.00","q":"0.214","X":"MARKET","m":false}}
2024-07-23T16:24:27.385827Z info 8027 {"stream":"ethusdt@trade","data":{"e":"trade","E":1721723067374,"T":1721723067374,"s":"ETHUSDT","t":4229211086,"p":"3475.00","q":"5.000","X":"MARKET","m":false}}
2024-07-23T16:24:27.385833Z info 8027 {"stream":"ethusdt@trade","data":{"e":"trade","E":1721723067374,"T":1721723067374,"s":"ETHUSDT","t":4229211087,"p":"3475.00","q":"0.500","X":"MARKET","m":false}}
2024-07-23T16:24:27.385838Z info 8027 {"stream":"ethusdt@trade","data":{"e":"trade","E":1721723067374,"T":1721723067374,"s":"ETHUSDT","t":4229211088,"p":"3475.00","q":"0.124","X":"MARKET","m":false}}
2024-07-23T16:24:27.385842Z info 8027 {"stream":"ethusdt@trade","data":{"e":"trade","E":1721723067374,"T":1721723067374,"s":"ETHUSDT","t":4229211089,"p":"3475.00","q":"0.100","X":"MARKET","m":false}}
2024-07-23T16:24:27.385850Z info 8027 {"stream":"ethusdt@trade","data":{"e":"trade","E":1721723067374,"T":1721723067374,"s":"ETHUSDT","t":4229211090,"p":"3475.00","q":"1.000","X":"MARKET","m":false}}
2024-07-23T16:24:27.385855Z info 8027 {"stream":"ethusdt@trade","data":{"e":"trade","E":1721723067374,"T":1721723067374,"s":"ETHUSDT","t":4229211091,"p":"3475.00","q":"0.318","X":"MARKET","m":false}}
2024-07-23T16:24:27.385876Z info 8027 {"stream":"ethusdt@trade","data":{"e":"trade","E":1721723067374,"T":1721723067374,"s":"ETHUSDT","t":4229211092,"p":"3475.00","q":"0.100","X":"MARKET","m":false}}
2024-07-23T16:24:27.385883Z info 8027 {"stream":"ethusdt@trade","data":{"e":"trade","E":1721723067374,"T":1721723067374,"s":"ETHUSDT","t":4229211093,"p":"3475.00","q":"0.024","X":"MARKET","m":false}}
2024-07-23T16:24:27.385904Z info 8027 {"stream":"ethusdt@trade","data":{"e":"trade","E":1721723067374,"T":1721723067374,"s":"ETHUSDT","t":4229211094,"p":"3475.00","q":"0.010","X":"MARKET","m":false}}
2024-07-23T16:24:27.385917Z info 8027 {"stream":"ethusdt@trade","data":{"e":"trade","E":1721723067374,"T":1721723067374,"s":"ETHUSDT","t":4229211095,"p":"3475.00","q":"0.028","X":"MARKET","m":false}}
2024-07-23T16:24:27.385938Z info 8027 {"stream":"ethusdt@trade","data":{"e":"trade","E":1721723067374,"T":1721723067374,"s":"ETHUSDT","t":4229211096,"p":"3475.00","q":"1.867","X":"MARKET","m":false}}
2024-07-23T16:24:27.385945Z info 8027 {"stream":"ethusdt@trade","data":{"e":"trade","E":1721723067374,"T":1721723067374,"s":"ETHUSDT","t":4229211097,"p":"3474.73","q":"3.600","X":"MARKET","m":true}}
2024-07-23T16:24:27.385966Z info 8027 {"stream":"ethusdt@trade","data":{"e":"trade","E":1721723067374,"T":1721723067374,"s":"ETHUSDT","t":4229211098,"p":"3474.72","q":"3.600","X":"MARKET","m":true}}
2024-07-23T16:24:27.385976Z info 8027 {"stream":"ethusdt@trade","data":{"e":"trade","E":1721723067374,"T":1721723067374,"s":"ETHUSDT","t":4229211099,"p":"3474.71","q":"3.600","X":"MARKET","m":true}}
2024-07-23T16:24:27.385996Z info 8027 {"stream":"ethusdt@trade","data":{"e":"trade","E":1721723067374,"T":1721723067374,"s":"ETHUSDT","t":4229211100,"p":"3474.70","q":"3.600","X":"MARKET","m":true}}
2024-07-23T16:24:27.386017Z info 8027 {"stream":"ethusdt@trade","data":{"e":"trade","E":1721723067374,"T":1721723067374,"s":"ETHUSDT","t":4229211101,"p":"3474.69","q":"2.985","X":"MARKET","m":true}}
2024-07-23T16:24:27.386023Z info 8027 {"stream":"ethusdt@trade","data":{"e":"trade","E":1721723067374,"T":1721723067374,"s":"ETHUSDT","t":4229211102,"p":"3474.69","q":"3.600","X":"MARKET","m":true}}
2024-07-23T16:24:27.386028Z info 8027 {"stream":"ethusdt@trade","data":{"e":"trade","E":1721723067374,"T":1721723067374,"s":"ETHUSDT","t":4229211103,"p":"3474.67","q":"2.106","X":"MARKET","m":true}}
2024-07-23T16:24:27.386032Z info 8027 {"stream":"ethusdt@trade","data":{"e":"trade","E":1721723067374,"T":1721723067374,"s":"ETHUSDT","t":4229211104,"p":"3474.77","q":"0.020","X":"MARKET","m":true}}
2024-07-23T16:24:27.386037Z info 8027 {"stream":"ethusdt@trade","data":{"e":"trade","E":1721723067374,"T":1721723067374,"s":"ETHUSDT","t":4229211105,"p":"3475.00","q":"4.133","X":"MARKET","m":false}}
2024-07-23T16:24:27.386051Z info 8027 {"stream":"ethusdt@trade","data":{"e":"trade","E":1721723067374,"T":1721723067374,"s":"ETHUSDT","t":4229211106,"p":"3475.00","q":"0.009","X":"MARKET","m":false}}
2024-07-23T16:24:27.386056Z info 8027 {"stream":"ethusdt@trade","data":{"e":"trade","E":1721723067374,"T":1721723067374,"s":"ETHUSDT","t":4229211107,"p":"3475.00","q":"1.000","X":"MARKET","m":false}}
2024-07-23T16:24:27.386061Z info 8027 {"stream":"ethusdt@trade","data":{"e":"trade","E":1721723067374,"T":1721723067374,"s":"ETHUSDT","t":4229211108,"p":"3475.00","q":"0.043","X":"MARKET","m":false}}
2024-07-23T16:24:27.386065Z info 8027 {"stream":"ethusdt@trade","data":{"e":"trade","E":1721723067374,"T":1721723067374,"s":"ETHUSDT","t":4229211109,"p":"3475.00","q":"0.754","X":"MARKET","m":false}}
2024-07-23T16:24:27.386069Z info 8027 {"stream":"ethusdt@trade","data":{"e":"trade","E":1721723067374,"T":1721723067374,"s":"ETHUSDT","t":4229211110,"p":"3475.00","q":"0.007","X":"MARKET","m":false}}
2024-07-23T16:24:27.386073Z info 8027 {"stream":"ethusdt@trade","data":{"e":"trade","E":1721723067374,"T":1721723067374,"s":"ETHUSDT","t":4229211111,"p":"3475.00","q":"0.014","X":"MARKET","m":false}}
2024-07-23T16:24:27.386078Z info 8027 {"stream":"ethusdt@trade","data":{"e":"trade","E":1721723067374,"T":1721723067374,"s":"ETHUSDT","t":4229211112,"p":"3475.00","q":"0.028","X":"MARKET","m":false}}
2024-07-23T16:24:27.386082Z info 8027 {"stream":"ethusdt@trade","data":{"e":"trade","E":1721723067374,"T":1721723067374,"s":"ETHUSDT","t":4229211113,"p":"3475.00","q":"0.036","X":"MARKET","m":false}}
2024-07-23T16:24:27.386086Z info 8027 {"stream":"ethusdt@trade","data":{"e":"trade","E":1721723067374,"T":1721723067374,"s":"ETHUSDT","t":4229211114,"p":"3475.00","q":"0.288","X":"MARKET","m":false}}
2024-07-23T16:24:27.386091Z info 8027 {"stream":"ethusdt@trade","data":{"e":"trade","E":1721723067374,"T":1721723067374,"s":"ETHUSDT","t":4229211115,"p":"3475.00","q":"0.175","X":"MARKET","m":false}}
2024-07-23T16:24:27.386095Z info 8027 {"stream":"ethusdt@trade","data":{"e":"trade","E":1721723067374,"T":1721723067374,"s":"ETHUSDT","t":4229211116,"p":"3475.00","q":"0.100","X":"MARKET","m":false}}
2024-07-23T16:24:27.386099Z info 8027 {"stream":"ethusdt@trade","data":{"e":"trade","E":1721723067374,"T":1721723067374,"s":"ETHUSDT","t":4229211117,"p":"3475.00","q":"0.006","X":"MARKET","m":false}}
2024-07-23T16:24:27.386104Z info 8027 {"stream":"ethusdt@trade","data":{"e":"trade","E":1721723067374,"T":1721723067374,"s":"ETHUSDT","t":4229211118,"p":"3475.00","q":"3.407","X":"MARKET","m":false}}
2024-07-23T16:24:27.386108Z info 8027 {"stream":"ethusdt@trade","data":{"e":"trade","E":1721723067374,"T":1721723067374,"s":"ETHUSDT","t":4229211119,"p":"3474.98","q":"0.040","X":"MARKET","m":true}}
2024-07-23T16:24:27.386112Z info 8027 {"stream":"ethusdt@trade","data":{"e":"trade","E":1721723067374,"T":1721723067374,"s":"ETHUSDT","t":4229211120,"p":"3475.00","q":"0.888","X":"MARKET","m":false}}
2024-07-23T16:24:27.386117Z info 8027 {"stream":"ethusdt@trade","data":{"e":"trade","E":1721723067374,"T":1721723067374,"s":"ETHUSDT","t":4229211121,"p":"3474.98","q":"0.014","X":"MARKET","m":true}}
2024-07-23T16:24:27.386121Z info 8027 {"stream":"ethusdt@trade","data":{"e":"trade","E":1721723067374,"T":1721723067374,"s":"ETHUSDT","t":4229211122,"p":"3474.98","q":"2.793","X":"MARKET","m":true}}
2024-07-23T16:24:27.386126Z info 8027 {"stream":"ethusdt@trade","data":{"e":"trade","E":1721723067374,"T":1721723067374,"s":"ETHUSDT","t":4229211123,"p":"3474.98","q":"0.020","X":"MARKET","m":true}}
2024-07-23T16:24:27.386130Z info 8027 {"stream":"ethusdt@trade","data":{"e":"trade","E":1721723067374,"T":1721723067374,"s":"ETHUSDT","t":4229211124,"p":"3474.98","q":"0.733","X":"MARKET","m":true}}
2024-07-23T16:24:27.386135Z info 8027 {"stream":"ethusdt@trade","data":{"e":"trade","E":1721723067374,"T":1721723067374,"s":"ETHUSDT","t":4229211125,"p":"3474.97","q":"1.267","X":"MARKET","m":true}}
2024-07-23T16:24:27.386139Z info 8027 {"stream":"ethusdt@trade","data":{"e":"trade","E":1721723067374,"T":1721723067374,"s":"ETHUSDT","t":4229211126,"p":"3475.00","q":"2.000","X":"MARKET","m":false}}
2024-07-23T16:24:27.386143Z info 8027 {"stream":"ethusdt@trade","data":{"e":"trade","E":1721723067374,"T":1721723067374,"s":"ETHUSDT","t":4229211127,"p":"3475.00","q":"3.705","X":"MARKET","m":false}}
2024-07-23T16:24:27.386147Z info 8027 {"stream":"ethusdt@trade","data":{"e":"trade","E":1721723067374,"T":1721723067374,"s":"ETHUSDT","t":4229211128,"p":"3475.00","q":"0.058","X":"MARKET","m":false}}
2024-07-23T16:24:27.386152Z info 8027 {"stream":"ethusdt@trade","data":{"e":"trade","E":1721723067374,"T":1721723067374,"s":"ETHUSDT","t":4229211129,"p":"3475.00","q":"5.000","X":"MARKET","m":false}}
2024-07-23T16:24:27.386156Z info 8027 {"stream":"ethusdt@trade","data":{"e":"trade","E":1721723067374,"T":1721723067374,"s":"ETHUSDT","t":4229211130,"p":"3475.00","q":"1.000","X":"MARKET","m":false}}
2024-07-23T16:24:27.386161Z info 8027 {"stream":"ethusdt@trade","data":{"e":"trade","E":1721723067374,"T":1721723067374,"s":"ETHUSDT","t":4229211131,"p":"3475.00","q":"3.000","X":"MARKET","m":false}}
2024-07-23T16:24:27.386165Z info 8027 {"stream":"ethusdt@trade","data":{"e":"trade","E":1721723067375,"T":1721723067374,"s":"ETHUSDT","t":4229211132,"p":"3475.00","q":"0.287","X":"MARKET","m":false}}
2024-07-23T16:24:27.386169Z info 8027 {"stream":"ethusdt@trade","data":{"e":"trade","E":1721723067375,"T":1721723067374,"s":"ETHUSDT","t":4229211133,"p":"3475.00","q":"0.028","X":"MARKET","m":false}}
2024-07-23T16:24:27.386174Z info 8027 {"stream":"ethusdt@trade","data":{"e":"trade","E":1721723067375,"T":1721723067374,"s":"ETHUSDT","t":4229211134,"p":"3475.00","q":"0.500","X":"MARKET","m":false}}
2024-07-23T16:24:27.386178Z info 8027 {"stream":"ethusdt@trade","data":{"e":"trade","E":1721723067375,"T":1721723067374,"s":"ETHUSDT","t":4229211135,"p":"3475.00","q":"0.863","X":"MARKET","m":false}}
2024-07-23T16:24:27.386182Z info 8027 {"stream":"ethusdt@trade","data":{"e":"trade","E":1721723067375,"T":1721723067374,"s":"ETHUSDT","t":4229211136,"p":"3475.00","q":"0.010","X":"MARKET","m":false}}
2024-07-23T16:24:27.386186Z info 8027 {"stream":"ethusdt@trade","data":{"e":"trade","E":1721723067375,"T":1721723067374,"s":"ETHUSDT","t":4229211137,"p":"3475.00","q":"0.010","X":"MARKET","m":false}}
2024-07-23T16:24:27.386191Z info 8027 {"stream":"ethusdt@trade","data":{"e":"trade","E":1721723067375,"T":1721723067374,"s":"ETHUSDT","t":4229211138,"p":"3475.00","q":"0.200","X":"MARKET","m":false}}
2024-07-23T16:24:27.386196Z info 8027 {"stream":"ethusdt@trade","data":{"e":"trade","E":1721723067375,"T":1721723067374,"s":"ETHUSDT","t":4229211139,"p":"3475.00","q":"0.420","X":"MARKET","m":false}}
2024-07-23T16:24:27.386201Z info 8027 {"stream":"ethusdt@trade","data":{"e":"trade","E":1721723067375,"T":1721723067374,"s":"ETHUSDT","t":4229211140,"p":"3475.00","q":"0.080","X":"MARKET","m":false}}
2024-07-23T16:24:27.386222Z info 8027 {"stream":"ethusdt@trade","data":{"e":"trade","E":1721723067375,"T":1721723067374,"s":"ETHUSDT","t":4229211141,"p":"3475.00","q":"3.886","X":"MARKET","m":false}}
2024-07-23T16:24:27.386228Z info 8027 {"stream":"ethusdt@trade","data":{"e":"trade","E":1721723067375,"T":1721723067374,"s":"ETHUSDT","t":4229211142,"p":"3475.00","q":"0.011","X":"MARKET","m":false}}
2024-07-23T16:24:27.386232Z info 8027 {"stream":"ethusdt@trade","data":{"e":"trade","E":1721723067375,"T":1721723067374,"s":"ETHUSDT","t":4229211143,"p":"3475.00","q":"4.395","X":"MARKET","m":false}}
2024-07-23T16:24:27.386237Z info 8027 {"stream":"ethusdt@trade","data":{"e":"trade","E":1721723067375,"T":1721723067374,"s":"ETHUSDT","t":4229211144,"p":"3475.00","q":"1.158","X":"MARKET","m":false}}
2024-07-23T16:24:27.386242Z info 8027 {"stream":"ethusdt@trade","data":{"e":"trade","E":1721723067375,"T":1721723067374,"s":"ETHUSDT","t":4229211145,"p":"3475.00","q":"0.500","X":"MARKET","m":false}}
2024-07-23T16:24:27.386262Z info 8027 {"stream":"ethusdt@trade","data":{"e":"trade","E":1721723067375,"T":1721723067374,"s":"ETHUSDT","t":4229211146,"p":"3475.00","q":"1.158","X":"MARKET","m":false}}
2024-07-23T16:24:27.386284Z info 8027 {"stream":"ethusdt@trade","data":{"e":"trade","E":1721723067375,"T":1721723067374,"s":"ETHUSDT","t":4229211147,"p":"3475.00","q":"2.000","X":"MARKET","m":false}}
2024-07-23T16:24:27.386300Z info 8027 {"stream":"ethusdt@trade","data":{"e":"trade","E":1721723067375,"T":1721723067374,"s":"ETHUSDT","t":4229211148,"p":"3475.00","q":"0.440","X":"MARKET","m":false}}
2024-07-23T16:24:27.386321Z info 8027 {"stream":"ethusdt@trade","data":{"e":"trade","E":1721723067375,"T":1721723067374,"s":"ETHUSDT","t":4229211149,"p":"3475.00","q":"0.006","X":"MARKET","m":false}}
2024-07-23T16:24:27.386330Z info 8027 {"stream":"ethusdt@trade","data":{"e":"trade","E":1721723067375,"T":1721723067374,"s":"ETHUSDT","t":4229211150,"p":"3475.00","q":"0.015","X":"MARKET","m":false}}
2024-07-23T16:24:27.386352Z info 8027 {"stream":"ethusdt@trade","data":{"e":"trade","E":1721723067375,"T":1721723067374,"s":"ETHUSDT","t":4229211151,"p":"3475.00","q":"2.000","X":"MARKET","m":false}}
2024-07-23T16:24:27.386360Z info 8027 {"stream":"ethusdt@trade","data":{"e":"trade","E":1721723067375,"T":1721723067374,"s":"ETHUSDT","t":4229211152,"p":"3475.01","q":"0.142","X":"MARKET","m":false}}
2024-07-23T16:24:27.386367Z info 8027 {"stream":"ethusdt@trade","data":{"e":"trade","E":1721723067375,"T":1721723067374,"s":"ETHUSDT","t":4229211153,"p":"3475.01","q":"0.011","X":"MARKET","m":false}}
2024-07-23T16:24:27.386373Z info 8027 {"stream":"ethusdt@trade","data":{"e":"trade","E":1721723067375,"T":1721723067374,"s":"ETHUSDT","t":4229211154,"p":"3475.01","q":"0.015","X":"MARKET","m":false}}
2024-07-23T16:24:27.386394Z info 8027 {"stream":"ethusdt@trade","data":{"e":"trade","E":1721723067375,"T":1721723067374,"s":"ETHUSDT","t":4229211155,"p":"3475.01","q":"0.130","X":"MARKET","m":false}}
2024-07-23T16:24:27.386415Z info 8027 {"stream":"ethusdt@trade","data":{"e":"trade","E":1721723067375,"T":1721723067374,"s":"ETHUSDT","t":4229211156,"p":"3475.01","q":"0.013","X":"MARKET","m":false}}
2024-07-23T16:24:27.386436Z info 8027 {"stream":"ethusdt@trade","data":{"e":"trade","E":1721723067375,"T":1721723067374,"s":"ETHUSDT","t":4229211157,"p":"3475.01","q":"0.103","X":"MARKET","m":false}}
2024-07-23T16:24:27.386457Z info 8027 {"stream":"ethusdt@trade","data":{"e":"trade","E":1721723067375,"T":1721723067374,"s":"ETHUSDT","t":4229211158,"p":"3475.01","q":"0.440","X":"MARKET","m":false}}
2024-07-23T16:24:27.386464Z info 8027 {"stream":"ethusdt@trade","data":{"e":"trade","E":1721723067375,"T":1721723067374,"s":"ETHUSDT","t":4229211159,"p":"3475.02","q":"0.007","X":"MARKET","m":false}}
2024-07-23T16:24:27.386484Z info 8027 {"stream":"ethusdt@trade","data":{"e":"trade","E":1721723067375,"T":1721723067374,"s":"ETHUSDT","t":4229211160,"p":"3475.02","q":"0.273","X":"MARKET","m":false}}
2024-07-23T16:24:27.386491Z info 8027 {"stream":"ethusdt@trade","data":{"e":"trade","E":1721723067375,"T":1721723067374,"s":"ETHUSDT","t":4229211161,"p":"3475.02","q":"1.439","X":"MARKET","m":false}}
2024-07-23T16:24:27.386511Z info 8027 {"stream":"ethusdt@trade","data":{"e":"trade","E":1721723067375,"T":1721723067374,"s":"ETHUSDT","t":4229211162,"p":"3475.03","q":"0.440","X":"MARKET","m":false}}
2024-07-23T16:24:27.386531Z info 8027 {"stream":"ethusdt@trade","data":{"e":"trade","E":1721723067375,"T":1721723067374,"s":"ETHUSDT","t":4229211163,"p":"3475.03","q":"0.288","X":"MARKET","m":false}}
2024-07-23T16:24:27.386552Z info 8027 {"stream":"ethusdt@trade","data":{"e":"trade","E":1721723067375,"T":1721723067374,"s":"ETHUSDT","t":4229211164,"p":"3475.04","q":"0.020","X":"MARKET","m":false}}
2024-07-23T16:24:27.386574Z info 8027 {"stream":"ethusdt@trade","data":{"e":"trade","E":1721723067375,"T":1721723067374,"s":"ETHUSDT","t":4229211165,"p":"3475.04","q":"0.009","X":"MARKET","m":false}}
2024-07-23T16:24:27.386579Z info 8027 {"stream":"ethusdt@trade","data":{"e":"trade","E":1721723067375,"T":1721723067374,"s":"ETHUSDT","t":4229211166,"p":"3475.04","q":"0.050","X":"MARKET","m":false}}
2024-07-23T16:24:27.386600Z info 8027 {"stream":"ethusdt@trade","data":{"e":"trade","E":1721723067375,"T":1721723067374,"s":"ETHUSDT","t":4229211167,"p":"3475.04","q":"0.015","X":"MARKET","m":false}}
2024-07-23T16:24:27.386609Z info 8027 {"stream":"ethusdt@trade","data":{"e":"trade","E":1721723067375,"T":1721723067374,"s":"ETHUSDT","t":4229211168,"p":"3475.05","q":"0.012","X":"MARKET","m":false}}
2024-07-23T16:24:27.386631Z info 8027 {"stream":"ethusdt@trade","data":{"e":"trade","E":1721723067375,"T":1721723067374,"s":"ETHUSDT","t":4229211169,"p":"3475.06","q":"0.007","X":"MARKET","m":false}}
2024-07-23T16:24:27.386639Z info 8027 {"stream":"ethusdt@trade","data":{"e":"trade","E":1721723067375,"T":1721723067374,"s":"ETHUSDT","t":4229211170,"p":"3475.06","q":"0.015","X":"MARKET","m":false}}
2024-07-23T16:24:27.386643Z info 8027 {"stream":"ethusdt@trade","data":{"e":"trade","E":1721723067375,"T":1721723067374,"s":"ETHUSDT","t":4229211171,"p":"3475.06","q":"0.017","X":"MARKET","m":false}}
2024-07-23T16:24:27.386648Z info 8027 {"stream":"ethusdt@trade","data":{"e":"trade","E":1721723067375,"T":1721723067374,"s":"ETHUSDT","t":4229211172,"p":"3475.06","q":"0.719","X":"MARKET","m":false}}
2024-07-23T16:24:27.386652Z info 8027 {"stream":"ethusdt@trade","data":{"e":"trade","E":1721723067375,"T":1721723067374,"s":"ETHUSDT","t":4229211173,"p":"3475.06","q":"0.028","X":"MARKET","m":false}}
2024-07-23T16:24:27.386657Z info 8027 {"stream":"ethusdt@trade","data":{"e":"trade","E":1721723067375,"T":1721723067374,"s":"ETHUSDT","t":4229211174,"p":"3475.06","q":"4.800","X":"MARKET","m":false}}
2024-07-23T16:24:27.386661Z info 8027 {"stream":"ethusdt@trade","data":{"e":"trade","E":1721723067375,"T":1721723067374,"s":"ETHUSDT","t":4229211175,"p":"3475.06","q":"0.060","X":"MARKET","m":false}}
2024-07-23T16:24:27.386665Z info 8027 {"stream":"ethusdt@trade","data":{"e":"trade","E":1721723067375,"T":1721723067374,"s":"ETHUSDT","t":4229211176,"p":"3475.07","q":"0.009","X":"MARKET","m":false}}
2024-07-23T16:24:27.386669Z info 8027 {"stream":"ethusdt@trade","data":{"e":"trade","E":1721723067375,"T":1721723067374,"s":"ETHUSDT","t":4229211177,"p":"3475.07","q":"0.007","X":"MARKET","m":false}}
2024-07-23T16:24:27.386674Z info 8027 {"stream":"ethusdt@trade","data":{"e":"trade","E":1721723067375,"T":1721723067374,"s":"ETHUSDT","t":4229211178,"p":"3475.07","q":"0.007","X":"MARKET","m":false}}
2024-07-23T16:24:27.386679Z info 8027 {"stream":"ethusdt@trade","data":{"e":"trade","E":1721723067375,"T":1721723067374,"s":"ETHUSDT","t":4229211179,"p":"3475.07","q":"0.009","X":"MARKET","m":false}}
2024-07-23T16:24:27.386683Z info 8027 {"stream":"ethusdt@trade","data":{"e":"trade","E":1721723067375,"T":1721723067374,"s":"ETHUSDT","t":4229211180,"p":"3475.07","q":"0.440","X":"MARKET","m":false}}
2024-07-23T16:24:27.386687Z info 8027 {"stream":"ethusdt@trade","data":{"e":"trade","E":1721723067375,"T":1721723067374,"s":"ETHUSDT","t":4229211181,"p":"3475.07","q":"0.719","X":"MARKET","m":false}}
2024-07-23T16:24:27.386692Z info 8027 {"stream":"ethusdt@trade","data":{"e":"trade","E":1721723067375,"T":1721723067374,"s":"ETHUSDT","t":4229211182,"p":"3475.07","q":"0.273","X":"MARKET","m":false}}
2024-07-23T16:24:27.386696Z info 8027 {"stream":"ethusdt@trade","data":{"e":"trade","E":1721723067375,"T":1721723067374,"s":"ETHUSDT","t":4229211183,"p":"3475.08","q":"0.006","X":"MARKET","m":false}}
2024-07-23T16:24:27.386700Z info 8027 {"stream":"ethusdt@trade","data":{"e":"trade","E":1721723067375,"T":1721723067374,"s":"ETHUSDT","t":4229211184,"p":"3475.08","q":"2.475","X":"MARKET","m":false}}
2024-07-23T16:24:27.386714Z info 8027 {"stream":"ethusdt@trade","data":{"e":"trade","E":1721723067375,"T":1721723067374,"s":"ETHUSDT","t":4229211185,"p":"3475.08","q":"0.015","X":"MARKET","m":false}}
2024-07-23T16:24:27.386718Z info 8027 {"stream":"ethusdt@trade","data":{"e":"trade","E":1721723067375,"T":1721723067374,"s":"ETHUSDT","t":4229211186,"p":"3475.08","q":"0.010","X":"MARKET","m":false}}
2024-07-23T16:24:27.386723Z info 8027 {"stream":"ethusdt@trade","data":{"e":"trade","E":1721723067375,"T":1721723067374,"s":"ETHUSDT","t":4229211187,"p":"3475.09","q":"0.006","X":"MARKET","m":false}}
2024-07-23T16:24:27.386727Z info 8027 {"stream":"ethusdt@trade","data":{"e":"trade","E":1721723067375,"T":1721723067374,"s":"ETHUSDT","t":4229211188,"p":"3475.10","q":"0.440","X":"MARKET","m":false}}
2024-07-23T16:24:27.386731Z info 8027 {"stream":"ethusdt@trade","data":{"e":"trade","E":1721723067375,"T":1721723067374,"s":"ETHUSDT","t":4229211189,"p":"3475.10","q":"0.719","X":"MARKET","m":false}}
2024-07-23T16:24:27.386736Z info 8027 {"stream":"ethusdt@trade","data":{"e":"trade","E":1721723067375,"T":1721723067374,"s":"ETHUSDT","t":4229211190,"p":"3475.10","q":"0.719","X":"MARKET","m":false}}
2024-07-23T16:24:27.386740Z info 8027 {"stream":"ethusdt@trade","data":{"e":"trade","E":1721723067375,"T":1721723067374,"s":"ETHUSDT","t":4229211191,"p":"3475.11","q":"0.029","X":"MARKET","m":false}}
2024-07-23T16:24:27.386744Z info 8027 {"stream":"ethusdt@trade","data":{"e":"trade","E":1721723067375,"T":1721723067374,"s":"ETHUSDT","t":4229211192,"p":"3475.11","q":"0.440","X":"MARKET","m":false}}
2024-07-23T16:24:27.386749Z info 8027 {"stream":"ethusdt@trade","data":{"e":"trade","E":1721723067375,"T":1721723067374,"s":"ETHUSDT","t":4229211193,"p":"3475.11","q":"0.885","X":"MARKET","m":false}}
2024-07-23T16:24:27.386753Z info 8027 {"stream":"ethusdt@trade","data":{"e":"trade","E":1721723067375,"T":1721723067374,"s":"ETHUSDT","t":4229211194,"p":"3475.12","q":"0.011","X":"MARKET","m":false}}
2024-07-23T16:24:27.386757Z info 8027 {"stream":"ethusdt@trade","data":{"e":"trade","E":1721723067375,"T":1721723067374,"s":"ETHUSDT","t":4229211195,"p":"3475.12","q":"0.007","X":"MARKET","m":false}}
2024-07-23T16:24:27.386762Z info 8027 {"stream":"ethusdt@trade","data":{"e":"trade","E":1721723067375,"T":1721723067374,"s":"ETHUSDT","t":4229211196,"p":"3475.12","q":"0.015","X":"MARKET","m":false}}
2024-07-23T16:24:27.386766Z info 8027 {"stream":"ethusdt@trade","data":{"e":"trade","E":1721723067375,"T":1721723067374,"s":"ETHUSDT","t":4229211197,"p":"3475.12","q":"0.719","X":"MARKET","m":false}}
2024-07-23T16:24:27.386771Z info 8027 {"stream":"ethusdt@trade","data":{"e":"trade","E":1721723067375,"T":1721723067374,"s":"ETHUSDT","t":4229211198,"p":"3475.12","q":"0.719","X":"MARKET","m":false}}
2024-07-23T16:24:27.386775Z info 8027 {"stream":"ethusdt@trade","data":{"e":"trade","E":1721723067375,"T":1721723067374,"s":"ETHUSDT","t":4229211199,"p":"3475.12","q":"2.878","X":"MARKET","m":false}}
2024-07-23T16:24:27.386779Z info 8027 {"stream":"ethusdt@trade","data":{"e":"trade","E":1721723067375,"T":1721723067374,"s":"ETHUSDT","t":4229211200,"p":"3475.13","q":"0.432","X":"MARKET","m":false}}
2024-07-23T16:24:27.386784Z info 8027 {"stream":"ethusdt@trade","data":{"e":"trade","E":1721723067375,"T":1721723067374,"s":"ETHUSDT","t":4229211201,"p":"3475.13","q":"1.440","X":"MARKET","m":false}}
2024-07-23T16:24:27.386788Z info 8027 {"stream":"ethusdt@trade","data":{"e":"trade","E":1721723067375,"T":1721723067374,"s":"ETHUSDT","t":4229211202,"p":"3475.14","q":"0.020","X":"MARKET","m":false}}
2024-07-23T16:24:27.386792Z info 8027 {"stream":"ethusdt@trade","data":{"e":"trade","E":1721723067375,"T":1721723067374,"s":"ETHUSDT","t":4229211203,"p":"3475.14","q":"0.011","X":"MARKET","m":false}}
