2024-07-23T16:28:31.420391Z info 8081 {"stream":"ethusdt@trade","data":{"e":"trade","E":1721723311489,"T":1721723311489,"s":"ETHUSDT","t":4229245647,"p":"3487.45","q":"0.157","X":"MARKET","m":false}}
2024-07-23T16:28:31.420435Z info 8081 {"stream":"ethusdt@trade","data":{"e":"trade","E":1721723311489,"T":1721723311489,"s":"ETHUSDT","t":4229245648,"p":"3487.45","q":"0.329","X":"MARKET","m":false}}
2024-07-23T16:28:31.420465Z info 8081 {"stream":"ethusdt@trade","data":{"e":"trade","E":1721723311489,"T":1721723311489,"s":"ETHUSDT","t":4229245649,"p":"3487.45","q":"3.045","X":"MARKET","m":false}}
2024-07-23T16:28:31.420472Z info 8081 {"stream":"ethusdt@trade","data":{"e":"trade","E":1721723311489,"T":1721723311489,"s":"ETHUSDT","t":4229245650,"p":"3487.45","q":"0.027","X":"MARKET","m":false}}
2024-07-23T16:28:31.420476Z info 8081 {"stream":"ethusdt@trade","data":{"e":"trade","E":1721723311489,"T":1721723311489,"s":"ETHUSDT","t":4229245651,"p":"3487.45","q":"0.805","X":"MARKET","m":false}}
2024-07-23T16:28:31.420482Z info 8081 {"stream":"ethusdt@trade","data":{"e":"trade","E":1721723311489,"T":1721723311489,"s":"ETHUSDT","t":4229245652,"p":"3487.45","q":"1.433","X":"MARKET","m":false}}
2024-07-23T16:28:31.420487Z info 8081 {"stream":"ethusdt@trade","data":{"e":"trade","E":1721723311489,"T":1721723311489,"s":"ETHUSDT","t":4229245653,"p":"3487.45","q":"0.631","X":"MARKET","m":false}}
2024-07-23T16:28:31.422789Z info 8081 {"stream":"ethusdt@trade","data":{"e":"trade","E":1721723311493,"T":1721723311492,"s":"ETHUSDT","t":4229245654,"p":"3487.48","q":"0.009","X":"MARKET","m":false}}
2024-07-23T16:28:31.423945Z info 8081 {"stream":"ethusdt@trade","data":{"e":"trade","E":1721723311493,"T":1721723311492,"s":"ETHUSDT","t":4229245655,"p":"3487.48","q":"10.469","X":"MARKET","m":false}}
2024-07-23T16:28:31.423979Z info 8081 {"stream":"ethusdt@trade","data":{"e":"trade","E":1721723311493,"T":1721723311492,"s":"ETHUSDT","t":4229245656,"p":"3487.48","q":"0.020","X":"MARKET","m":false}}
2024-07-23T16:28:31.424011Z info 8081 {"stream":"ethusdt@trade","data":{"e":"trade","E":1721723311493,"T":1721723311493,"s":"ETHUSDT","t":4229245657,"p":"3487.48","q":"10.140","X":"MARKET","m":false}}
2024-07-23T16:28:31.424041Z info 8081 {"stream":"ethusdt@trade","data":{"e":"trade","E":1721723311493,"T":1721723311493,"s":"ETHUSDT","t":4229245658,"p":"3487.48","q":"1.469","X":"MARKET","m":false}}
2024-07-23T16:28:31.425725Z info 8081 {"stream":"ethusdt@trade","data":{"e":"trade","E":1721723311493,"T":1721723311493,"s":"ETHUSDT","t":4229245659,"p":"3487.48","q":"8.450","X":"MARKET","m":false}}
2024-07-23T16:28:31.425758Z info 8081 {"stream":"ethusdt@trade","data":{"e":"trade","E":1721723311493,"T":1721723311493,"s":"ETHUSDT","t":4229245660,"p":"3487.48","q":"1.476","X":"MARKET","m":false}}
2024-07-23T16:28:31.425794Z info 8081 {"stream":"ethusdt@trade","data":{"e":"trade","E":1721723311493,"T":1721723311493,"s":"ETHUSDT","t":4229245661,"p":"3487.48","q":"9.488","X":"MARKET","m":false}}
2024-07-23T16:28:31.425825Z info 8081 {"stream":"ethusdt@trade","data":{"e":"trade","E":1721723311493,"T":1721723311493,"s":"ETHUSDT","t":4229245662,"p":"3487.48","q":"2.826","X":"MARKET","m":false}}
2024-07-23T16:28:31.425856Z info 8081 {"stream":"ethusdt@trade","data":{"e":"trade","E":1721723311493,"T":1721723311493,"s":"ETHUSDT","t":4229245663,"p":"3487.48","q":"0.006","X":"MARKET","m":false}}
2024-07-23T16:28:31.425888Z info 8081 {"stream":"ethusdt@trade","data":{"e":"trade","E":1721723311493,"T":1721723311493,"s":"ETHUSDT","t":4229245664,"p":"3487.48","q":"0.009","X":"MARKET","m":false}}
2024-07-23T16:28:31.425920Z info 8081 {"stream":"ethusdt@trade","data":{"e":"trade","E":1721723311493,"T":1721723311493,"s":"ETHUSDT","t":4229245665,"p":"3487.56","q":"0.054","X":"MARKET","m":false}}
2024-07-23T16:28:31.425952Z info 8081 {"stream":"ethusdt@trade","data":{"e":"trade","E":1721723311493,"T":1721723311493,"s":"ETHUSDT","t":4229245666,"p":"3487.57","q":"0.006","X":"MARKET","m":false}}
2024-07-23T16:28:31.425983Z info 8081 {"stream":"ethusdt@trade","data":{"e":"trade","E":1721723311493,"T":1721723311493,"s":"ETHUSDT","t":4229245667,"p":"3487.58","q":"0.006","X":"MARKET","m":false}}
2024-07-23T16:28:31.426014Z info 8081 {"stream":"ethusdt@trade","data":{"e":"trade","E":1721723311493,"T":1721723311493,"s":"ETHUSDT","t":4229245668,"p":"3487.59","q":"0.020","X":"MARKET","m":false}}
2024-07-23T16:28:31.426021Z info 8081 {"stream":"ethusdt@trade","data":{"e":"trade","E":1721723311493,"T":1721723311493,"s":"ETHUSDT","t":4229245669,"p":"3487.59","q":"0.082","X":"MARKET","m":false}}
2024-07-23T16:28:31.435444Z info 8081 {"stream":"ethusdt@trade","data":{"e":"trade","E":1721723311501,"T":1721723311500,"s":"ETHUSDT","t":4229245670,"p":"3487.63","q":"0.006","X":"MARKET","m":false}}
2024-07-23T16:28:31.435477Z info 8081 {"stream":"ethusdt@trade","data":{"e":"trade","E":1721723311501,"T":1721723311500,"s":"ETHUSDT","t":4229245671,"p":"3487.68","q":"0.020","X":"MARKET","m":false}}
2024-07-23T16:28:31.445928Z info 8081 {"stream":"ethusdt@trade","data":{"e":"trade","E":1721723311512,"T":1721723311511,"s":"ETHUSDT","t":4229245672,"p":"3487.67","q":"1.035","X":"MARKET","m":true}}
2024-07-23T16:28:31.448736Z info 8081 {"stream":"ethusdt@trade","data":{"e":"trade","E":1721723311518,"T":1721723311518,"s":"ETHUSDT","t":4229245673,"p":"3487.68","q":"0.011","X":"MARKET","m":false}}
2024-07-23T16:28:31.448767Z info 8081 {"stream":"ethusdt@trade","data":{"e":"trade","E":1721723311518,"T":1721723311518,"s":"ETHUSDT","t":4229245674,"p":"3487.68","q":"0.011","X":"MARKET","m":false}}
2024-07-23T16:28:31.448774Z info 8081 {"stream":"ethusdt@trade","data":{"e":"trade","E":1721723311518,"T":1721723311518,"s":"ETHUSDT","t":4229245675,"p":"3487.68","q":"0.011","X":"MARKET","m":false}}
2024-07-23T16:28:31.499252Z info 8081 {"stream":"ethusdt@trade","data":{"e":"trade","E":1721723311518,"T":1721723311518,"s":"ETHUSDT","t":4229245676,"p":"3487.68","q":"0.011","X":"MARKET","m":false}}
2024-07-23T16:28:31.499298Z info 8081 {"stream":"ethusdt@trade","data":{"e":"trade","E":1721723311518,"T":1721723311518,"s":"ETHUSDT","t":4229245677,"p":"3487.68","q":"0.011","X":"MARKET","m":false}}
2024-07-23T16:28:31.499328Z info 8081 {"stream":"ethusdt@trade","data":{"e":"trade","E":1721723311518,"T":1721723311518,"s":"ETHUSDT","t":4229245678,"p":"3487.68","q":"0.011","X":"MARKET","m":false}}
2024-07-23T16:28:31.499360Z info 8081 {"stream":"ethusdt@trade","data":{"e":"trade","E":1721723311518,"T":1721723311518,"s":"ETHUSDT","t":4229245679,"p":"3487.68","q":"0.011","X":"MARKET","m":false}}
2024-07-23T16:28:31.499393Z info 8081 {"stream":"ethusdt@trade","data":{"e":"trade","E":1721723311518,"T":1721723311518,"s":"ETHUSDT","t":4229245680,"p":"3487.68","q":"0.011","X":"MARKET","m":false}}
2024-07-23T16:28:31.499429Z info 8081 {"stream":"ethusdt@trade","data":{"e":"trade","E":1721723311518,"T":1721723311518,"s":"ETHUSDT","t":4229245681,"p":"3487.68","q":"0.011","X":"MARKET","m":false}}
2024-07-23T16:28:31.499461Z info 8081 {"stream":"ethusdt@trade","data":{"e":"trade","E":1721723311518,"T":1721723311518,"s":"ETHUSDT","t":4229245682,"p":"3487.68","q":"0.011","X":"MARKET","m":false}}
2024-07-23T16:28:31.499493Z info 8081 {"stream":"ethusdt@trade","data":{"e":"trade","E":1721723311518,"T":1721723311518,"s":"ETHUSDT","t":4229245683,"p":"3487.68","q":"0.002","X":"MARKET","m":false}}
2024-07-23T16:28:31.499525Z info 8081 {"stream":"ethusdt@trade","data":{"e":"trade","E":1721723311518,"T":1721723311518,"s":"ETHUSDT","t":4229245684,"p":"3487.68","q":"0.009","X":"MARKET","m":false}}
2024-07-23T16:28:31.499557Z info 8081 {"stream":"ethusdt@trade","data":{"e":"trade","E":1721723311518,"T":1721723311518,"s":"ETHUSDT","t":4229245685,"p":"3487.68","q":"0.011","X":"MARKET","m":false}}
2024-07-23T16:28:31.499578Z info 8081 {"stream":"ethusdt@trade","data":{"e":"trade","E":1721723311518,"T":1721723311518,"s":"ETHUSDT","t":4229245686,"p":"3487.68","q":"0.011","X":"MARKET","m":false}}
2024-07-23T16:28:31.499600Z info 8081 {"stream":"ethusdt@trade","data":{"e":"trade","E":1721723311518,"T":1721723311518,"s":"ETHUSDT","t":4229245687,"p":"3487.68","q":"0.011","X":"MARKET","m":false}}
2024-07-23T16:28:31.499621Z info 8081 {"stream":"ethusdt@trade","data":{"e":"trade","E":1721723311518,"T":1721723311518,"s":"ETHUSDT","t":4229245688,"p":"3487.68","q":"0.011","X":"MARKET","m":false}}
2024-07-23T16:28:31.499627Z info 8081 {"stream":"ethusdt@trade","data":{"e":"trade","E":1721723311518,"T":1721723311518,"s":"ETHUSDT","t":4229245689,"p":"3487.68","q":"0.011","X":"MARKET","m":false}}
2024-07-23T16:28:31.499632Z info 8081 {"stream":"ethusdt@trade","data":{"e":"trade","E":1721723311518,"T":1721723311518,"s":"ETHUSDT","t":4229245690,"p":"3487.68","q":"0.011","X":"MARKET","m":false}}
2024-07-23T16:28:31.499636Z info 8081 {"stream":"ethusdt@trade","data":{"e":"trade","E":1721723311518,"T":1721723311518,"s":"ETHUSDT","t":4229245691,"p":"3487.68","q":"0.011","X":"MARKET","m":false}}
2024-07-23T16:28:31.499641Z info 8081 {"stream":"ethusdt@trade","data":{"e":"trade","E":1721723311519,"T":1721723311518,"s":"ETHUSDT","t":4229245692,"p":"3487.68","q":"0.011","X":"MARKET","m":false}}
2024-07-23T16:28:31.499645Z info 8081 {"stream":"ethusdt@trade","data":{"e":"trade","E":1721723311519,"T":1721723311518,"s":"ETHUSDT","t":4229245693,"p":"3487.68","q":"0.011","X":"MARKET","m":false}}
2024-07-23T16:28:31.499650Z info 8081 {"stream":"ethusdt@trade","data":{"e":"trade","E":1721723311519,"T":1721723311518,"s":"ETHUSDT","t":4229245694,"p":"3487.68","q":"0.011","X":"MARKET","m":false}}
2024-07-23T16:28:31.499654Z info 8081 {"stream":"ethusdt@trade","data":{"e":"trade","E":1721723311519,"T":1721723311518,"s":"ETHUSDT","t":4229245695,"p":"3487.68","q":"0.011","X":"MARKET","m":false}}
2024-07-23T16:28:31.499658Z info 8081 {"stream":"ethusdt@trade","data":{"e":"trade","E":1721723311519,"T":1721723311518,"s":"ETHUSDT","t":4229245696,"p":"3487.68","q":"0.011","X":"MARKET","m":false}}
2024-07-23T16:28:31.499663Z info 8081 {"stream":"ethusdt@trade","data":{"e":"trade","E":1721723311519,"T":1721723311518,"s":"ETHUSDT","t":4229245697,"p":"3487.68","q":"0.011","X":"MARKET","m":false}}
2024-07-23T16:28:31.499667Z info 8081 {"stream":"ethusdt@trade","data":{"e":"trade","E":1721723311519,"T":1721723311518,"s":"ETHUSDT","t":4229245698,"p":"3487.68","q":"0.011","X":"MARKET","m":false}}
2024-07-23T16:28:31.499672Z info 8081 {"stream":"ethusdt@trade","data":{"e":"trade","E":1721723311519,"T":1721723311518,"s":"ETHUSDT","t":4229245699,"p":"3487.68","q":"0.011","X":"MARKET","m":false}}
2024-07-23T16:28:31.499683Z info 8081 {"stream":"ethusdt@trade","data":{"e":"trade","E":1721723311535,"T":1721723311535,"s":"ETHUSDT","t":4229245700,"p":"3487.67","q":"0.967","X":"MARKET","m":true}}
2024-07-23T16:28:31.499713Z info 8081 {"stream":"ethusdt@trade","data":{"e":"trade","E":1721723311562,"T":1721723311562,"s":"ETHUSDT","t":4229245701,"p":"3487.68","q":"0.430","X":"MARKET","m":false}}
2024-07-23T16:28:31.510053Z info 8081 {"stream":"xrpusdt@trade","data":{"e":"trade","E":1721723311579,"T":1721723311579,"s":"XRPUSDT","t":1535422474,"p":"0.5985","q":"9.6","X":"MARKET","m":false}}
2024-07-23T16:28:31.544922Z info 8081 {"stream":"ethusdt@trade","data":{"e":"trade","E":1721723311615,"T":1721723311615,"s":"ETHUSDT","t":4229245702,"p":"3487.69","q":"0.009","X":"MARKET","m":false}}
2024-07-23T16:28:31.626449Z info 8081 {"stream":"ethusdt@trade","data":{"e":"trade","E":1721723311695,"T":1721723311695,"s":"ETHUSDT","t":4229245703,"p":"3487.72","q":"0.006","X":"MARKET","m":false}}
2024-07-23T16:28:31.626513Z info 8081 {"stream":"ethusdt@trade","data":{"e":"trade","E":1721723311695,"T":1721723311695,"s":"ETHUSDT","t":4229245704,"p":"3487.79","q":"0.020","X":"MARKET","m":false}}
2024-07-23T16:28:31.674864Z info 8081 {"stream":"ethusdt@trade","data":{"e":"trade","E":1721723311744,"T":1721723311744,"s":"ETHUSDT","t":4229245705,"p":"3487.78","q":"0.011","X":"MARKET","m":true}}
2024-07-23T16:28:31.750074Z info 8081 {"stream":"ethusdt@trade","data":{"e":"trade","E":1721723311819,"T":1721723311819,"s":"ETHUSDT","t":4229245706,"p":"3487.79","q":"1.000","X":"MARKET","m":false}}
2024-07-23T16:28:31.791910Z info 8081 {"stream":"ethusdt@trade","data":{"e":"trade","E":1721723311861,"T":1721723311861,"s":"ETHUSDT","t":4229245707,"p":"3487.78","q":"9.868","X":"MARKET","m":true}}
2024-07-23T16:28:31.846482Z info 8081 {"stream":"ethusdt@trade","data":{"e":"trade","E":1721723311915,"T":1721723311915,"s":"ETHUSDT","t":4229245708,"p":"3487.78","q":"0.286","X":"MARKET","m":true}}
2024-07-23T16:28:31.864813Z info 8081 {"stream":"ethusdt@trade","data":{"e":"trade","E":1721723311934,"T":1721723311934,"s":"ETHUSDT","t":4229245709,"p":"3487.78","q":"0.060","X":"MARKET","m":true}}
2024-07-23T16:28:31.906598Z info 8081 {"stream":"ethusdt@trade","data":{"e":"trade","E":1721723311975,"T":1721723311975,"s":"ETHUSDT","t":4229245710,"p":"3487.78","q":"3.474","X":"MARKET","m":true}}
2024-07-23T16:28:31.970612Z info 8081 {"stream":"ethusdt@trade","data":{"e":"trade","E":1721723312040,"T":1721723312040,"s":"ETHUSDT","t":4229245711,"p":"3487.79","q":"0.069","X":"MARKET","m":false}}
2024-07-23T16:28:31.981172Z info 8081 {"stream":"ethusdt@trade","data":{"e":"trade","E":1721723312050,"T":1721723312050,"s":"ETHUSDT","t":4229245712,"p":"3487.78","q":"1.200","X":"MARKET","m":true}}
2024-07-23T16:28:31.990424Z info 8081 {"stream":"ethusdt@trade","data":{"e":"trade","E":1721723312059,"T":1721723312059,"s":"ETHUSDT","t":4229245713,"p":"3487.79","q":"0.033","X":"MARKET","m":false}}
2024-07-23T16:28:31.992416Z info 8081 {"stream":"ethusdt@trade","data":{"e":"trade","E":1721723312061,"T":1721723312060,"s":"ETHUSDT","t":4229245714,"p":"3487.78","q":"0.719","X":"MARKET","m":true}}
2024-07-23T16:28:31.992451Z info 8081 {"stream":"ethusdt@trade","data":{"e":"trade","E":1721723312061,"T":1721723312060,"s":"ETHUSDT","t":4229245715,"p":"3487.78","q":"0.203","X":"MARKET","m":true}}
2024-07-23T16:28:31.992474Z info 8081 {"stream":"ethusdt@trade","data":{"e":"trade","E":1721723312061,"T":1721723312060,"s":"ETHUSDT","t":4229245716,"p":"3487.78","q":"2.817","X":"MARKET","m":true}}
2024-07-23T16:28:31.992502Z info 8081 {"stream":"ethusdt@trade","data":{"e":"trade","E":1721723312061,"T":1721723312060,"s":"ETHUSDT","t":4229245717,"p":"3487.78","q":"1.727","X":"MARKET","m":true}}
2024-07-23T16:28:31.992534Z info 8081 {"stream":"ethusdt@trade","data":{"e":"trade","E":1721723312061,"T":1721723312060,"s":"ETHUSDT","t":4229245718,"p":"3487.78","q":"0.536","X":"MARKET","m":true}}
2024-07-23T16:28:31.992565Z info 8081 {"stream":"ethusdt@trade","data":{"e":"trade","E":1721723312061,"T":1721723312060,"s":"ETHUSDT","t":4229245719,"p":"3487.78","q":"0.009","X":"MARKET","m":true}}
2024-07-23T16:28:32.002295Z info 8081 {"stream":"ethusdt@trade","data":{"e":"trade","E":1721723312072,"T":1721723312071,"s":"ETHUSDT","t":4229245720,"p":"3487.69","q":"0.006","X":"MARKET","m":false}}
2024-07-23T16:28:32.002332Z info 8081 {"stream":"ethusdt@trade","data":{"e":"trade","E":1721723312072,"T":1721723312071,"s":"ETHUSDT","t":4229245721,"p":"3487.68","q":"0.009","X":"MARKET","m":true}}
2024-07-23T16:28:32.002340Z info 8081 {"stream":"ethusdt@trade","data":{"e":"trade","E":1721723312072,"T":1721723312071,"s":"ETHUSDT","t":4229245722,"p":"3487.68","q":"0.011","X":"MARKET","m":true}}
2024-07-23T16:28:32.107601Z info 8081 {"stream":"ethusdt@trade","data":{"e":"trade","E":1721723312177,"T":1721723312177,"s":"ETHUSDT","t":4229245723,"p":"3487.68","q":"0.286","X":"MARKET","m":true}}
2024-07-23T16:28:32.107637Z info 8081 {"stream":"ethusdt@trade","data":{"e":"trade","E":1721723312177,"T":1721723312177,"s":"ETHUSDT","t":4229245724,"p":"3487.68","q":"0.286","X":"MARKET","m":true}}
2024-07-23T16:28:32.107643Z info 8081 {"stream":"ethusdt@trade","data":{"e":"trade","E":1721723312177,"T":1721723312177,"s":"ETHUSDT","t":4229245725,"p":"3487.68","q":"0.001","X":"MARKET","m":true}}
2024-07-23T16:28:32.169254Z info 8081 {"stream":"xrpusdt@trade","data":{"e":"trade","E":1721723312239,"T":1721723312238,"s":"XRPUSDT","t":1535422475,"p":"0.5984","q":"0.5","X":"MARKET","m":true}}
2024-07-23T16:28:32.216031Z info 8081 {"stream":"ethusdt@trade","data":{"e":"trade","E":1721723312285,"T":1721723312285,"s":"ETHUSDT","t":4229245726,"p":"3487.69","q":"5.000","X":"MARKET","m":false}}
2024-07-23T16:28:32.324788Z info 8081 {"stream":"ethusdt@trade","data":{"e":"trade","E":1721723312393,"T":1721723312393,"s":"ETHUSDT","t":4229245727,"p":"3487.69","q":"0.032","X":"MARKET","m":false}}
2024-07-23T16:28:32.392301Z info 8081 {"stream":"ethusdt@trade","data":{"e":"trade","E":1721723312462,"T":1721723312461,"s":"ETHUSDT","t":4229245728,"p":"3487.69","q":"0.011","X":"MARKET","m":false}}
2024-07-23T16:28:32.436639Z info 8081 {"stream":"xrpusdt@trade","data":{"e":"trade","E":1721723312505,"T":1721723312505,"s":"XRPUSDT","t":1535422476,"p":"0.5985","q":"1833.2","X":"MARKET","m":false}}
2024-07-23T16:28:32.439278Z info 8081 {"stream":"ethusdt@trade","data":{"e":"trade","E":1721723312508,"T":1721723312508,"s":"ETHUSDT","t":4229245729,"p":"3487.69","q":"0.605","X":"MARKET","m":false}}
2024-07-23T16:28:32.506083Z info 8081 {"stream":"ethusdt@trade","data":{"e":"trade","E":1721723312574,"T":1721723312574,"s":"ETHUSDT","t":4229245730,"p":"3487.68","q":"0.050","X":"MARKET","m":true}}
2024-07-23T16:28:32.506131Z info 8081 {"stream":"ethusdt@trade","data":{"e":"trade","E":1721723312574,"T":1721723312574,"s":"ETHUSDT","t":4229245731,"p":"3487.68","q":"0.182","X":"MARKET","m":true}}
2024-07-23T16:28:32.506151Z info 8081 {"stream":"ethusdt@trade","data":{"e":"trade","E":1721723312574,"T":1721723312574,"s":"ETHUSDT","t":4229245732,"p":"3487.68","q":"0.737","X":"MARKET","m":true}}
2024-07-23T16:28:32.506158Z info 8081 {"stream":"ethusdt@trade","data":{"e":"trade","E":1721723312574,"T":1721723312574,"s":"ETHUSDT","t":4229245733,"p":"3487.68","q":"1.731","X":"MARKET","m":true}}
2024-07-23T16:28:32.533113Z info 8081 {"stream":"ethusdt@trade","data":{"e":"trade","E":1721723312602,"T":1721723312602,"s":"ETHUSDT","t":4229245734,"p":"3487.69","q":"0.095","X":"MARKET","m":false}}
2024-07-23T16:28:32.596667Z info 8081 {"stream":"ethusdt@trade","data":{"e":"trade","E":1721723312666,"T":1721723312666,"s":"ETHUSDT","t":4229245735,"p":"3487.68","q":"0.040","X":"MARKET","m":true}}
2024-07-23T16:28:32.699585Z info 8081 {"stream":"ethusdt@trade","data":{"e":"trade","E":1721723312769,"T":1721723312769,"s":"ETHUSDT","t":4229245736,"p":"3487.69","q":"1.419","X":"MARKET","m":false}}
2024-07-23T16:28:32.699635Z info 8081 {"stream":"ethusdt@trade","data":{"e":"trade","E":1721723312769,"T":1721723312769,"s":"ETHUSDT","t":4229245737,"p":"3487.69","q":"6.000","X":"MARKET","m":false}}
2024-07-23T16:28:32.699678Z info 8081 {"stream":"ethusdt@trade","data":{"e":"trade","E":1721723312769,"T":1721723312769,"s":"ETHUSDT","t":4229245738,"p":"3487.69","q":"2.581","X":"MARKET","m":false}}
2024-07-23T16:28:32.744088Z info 8081 {"stream":"ethusdt@trade","data":{"e":"trade","E":1721723312814,"T":1721723312814,"s":"ETHUSDT","t":4229245739,"p":"3487.69","q":"0.069","X":"MARKET","m":false}}
2024-07-23T16:28:32.847198Z info 8081 {"stream":"xrpusdt@trade","data":{"e":"trade","E":1721723312916,"T":1721723312916,"s":"XRPUSDT","t":1535422477,"p":"0.5984","q":"178.9","X":"MARKET","m":true}}
2024-07-23T16:28:32.884430Z info 8081 {"stream":"ethusdt@trade","data":{"e":"trade","E":1721723312953,"T":1721723312952,"s":"ETHUSDT","t":4229245740,"p":"3487.68","q":"0.834","X":"MARKET","m":true}}
2024-07-23T16:28:32.963731Z info 8081 {"stream":"ethusdt@trade","data":{"e":"trade","E":1721723313032,"T":1721723313032,"s":"ETHUSDT","t":4229245741,"p":"3487.69","q":"0.337","X":"MARKET","m":false}}
2024-07-23T16:28:33.048214Z info 8081 {"stream":"ethusdt@trade","data":{"e":"trade","E":1721723313117,"T":1721723313117,"s":"ETHUSDT","t":4229245742,"p":"3487.69","q":"1.702","X":"MARKET","m":false}}
2024-07-23T16:28:33.112351Z info 8081 {"stream":"ethusdt@trade","data":{"e":"trade","E":1721723313182,"T":1721723313182,"s":"ETHUSDT","t":4229245743,"p":"3487.69","q":"0.095","X":"MARKET","m":false}}
2024-07-23T16:28:33.195131Z info 8081 {"stream":"ethusdt@trade","data":{"e":"trade","E":1721723313264,"T":1721723313264,"s":"ETHUSDT","t":4229245744,"p":"3487.69","q":"0.516","X":"MARKET","m":false}}
2024-07-23T16:28:33.195170Z info 8081 {"stream":"ethusdt@trade","data":{"e":"trade","E":1721723313264,"T":1721723313264,"s":"ETHUSDT","t":4229245745,"p":"3487.69","q":"0.346","X":"MARKET","m":false}}
2024-07-23T16:28:33.195196Z info 8081 {"stream":"ethusdt@trade","data":{"e":"trade","E":1721723313264,"T":1721723313264,"s":"ETHUSDT","t":4229245746,"p":"3487.69","q":"2.822","X":"MARKET","m":false}}
2024-07-23T16:28:33.195217Z info 8081 {"stream":"ethusdt@trade","data":{"e":"trade","E":1721723313264,"T":1721723313264,"s":"ETHUSDT","t":4229245747,"p":"3487.69","q":"1.316","X":"MARKET","m":false}}
2024-07-23T16:28:33.200368Z info 8081 {"stream":"xrpusdt@trade","data":{"e":"trade","E":1721723313269,"T":1721723313269,"s":"XRPUSDT","t":1535422478,"p":"0.5984","q":"10.0","X":"MARKET","m":true}}
2024-07-23T16:28:33.210604Z info 8081 {"stream":"ethusdt@trade","data":{"e":"trade","E":1721723313280,"T":1721723313280,"s":"ETHUSDT","t":4229245748,"p":"3487.68","q":"0.198","X":"MARKET","m":true}}
2024-07-23T16:28:33.221760Z info 8081 {"stream":"ethusdt@trade","data":{"e":"trade","E":1721723313291,"T":1721723313291,"s":"ETHUSDT","t":4229245749,"p":"3487.68","q":"0.175","X":"MARKET","m":true}}
2024-07-23T16:28:33.221798Z info 8081 {"stream":"ethusdt@trade","data":{"e":"trade","E":1721723313291,"T":1721723313291,"s":"ETHUSDT","t":4229245750,"p":"3487.68","q":"0.325","X":"MARKET","m":true}}
2024-07-23T16:28:33.252035Z info 8081 {"stream":"ethusdt@trade","data":{"e":"trade","E":1721723313319,"T":1721723313318,"s":"ETHUSDT","t":4229245751,"p":"3487.68","q":"0.128","X":"MARKET","m":true}}
2024-07-23T16:28:33.252070Z info 8081 {"stream":"ethusdt@trade","data":{"e":"trade","E":1721723313319,"T":1721723313318,"s":"ETHUSDT","t":4229245752,"p":"3487.68","q":"0.242","X":"MARKET","m":true}}
2024-07-23T16:28:33.252099Z info 8081 {"stream":"ethusdt@trade","data":{"e":"trade","E":1721723313319,"T":1721723313318,"s":"ETHUSDT","t":4229245753,"p":"3487.68","q":"1.146","X":"MARKET","m":true}}
2024-07-23T16:28:33.252138Z info 8081 {"stream":"ethusdt@trade","data":{"e":"trade","E":1721723313319,"T":1721723313318,"s":"ETHUSDT","t":4229245754,"p":"3487.68","q":"0.007","X":"MARKET","m":true}}
2024-07-23T16:28:33.252169Z info 8081 {"stream":"ethusdt@trade","data":{"e":"trade","E":1721723313319,"T":1721723313318,"s":"ETHUSDT","t":4229245755,"p":"3487.68","q":"0.227","X":"MARKET","m":true}}
2024-07-23T16:28:33.252201Z info 8081 {"stream":"ethusdt@trade","data":{"e":"trade","E":1721723313319,"T":1721723313318,"s":"ETHUSDT","t":4229245756,"p":"3487.68","q":"0.053","X":"MARKET","m":true}}
2024-07-23T16:28:33.252232Z info 8081 {"stream":"ethusdt@trade","data":{"e":"trade","E":1721723313319,"T":1721723313318,"s":"ETHUSDT","t":4229245757,"p":"3487.68","q":"0.223","X":"MARKET","m":true}}
2024-07-23T16:28:33.252261Z info 8081 {"stream":"ethusdt@trade","data":{"e":"trade","E":1721723313319,"T":1721723313318,"s":"ETHUSDT","t":4229245758,"p":"3487.68","q":"0.027","X":"MARKET","m":true}}
2024-07-23T16:28:33.252293Z info 8081 {"stream":"ethusdt@trade","data":{"e":"trade","E":1721723313319,"T":1721723313318,"s":"ETHUSDT","t":4229245759,"p":"3487.68","q":"0.433","X":"MARKET","m":true}}
2024-07-23T16:28:33.252324Z info 8081 {"stream":"ethusdt@trade","data":{"e":"trade","E":1721723313319,"T":1721723313318,"s":"ETHUSDT","t":4229245760,"p":"3487.68","q":"0.334","X":"MARKET","m":true}}
2024-07-23T16:28:33.252347Z info 8081 {"stream":"ethusdt@trade","data":{"e":"trade","E":1721723313319,"T":1721723313318,"s":"ETHUSDT","t":4229245761,"p":"3487.68","q":"0.521","X":"MARKET","m":true}}
2024-07-23T16:28:33.252353Z info 8081 {"stream":"ethusdt@trade","data":{"e":"trade","E":1721723313319,"T":1721723313318,"s":"ETHUSDT","t":4229245762,"p":"3487.68","q":"0.334","X":"MARKET","m":true}}
2024-07-23T16:28:33.252385Z info 8081 {"stream":"ethusdt@trade","data":{"e":"trade","E":1721723313319,"T":1721723313318,"s":"ETHUSDT","t":4229245763,"p":"3487.68","q":"0.106","X":"MARKET","m":true}}
2024-07-23T16:28:33.252406Z info 8081 {"stream":"ethusdt@trade","data":{"e":"trade","E":1721723313319,"T":1721723313318,"s":"ETHUSDT","t":4229245764,"p":"3487.66","q":"0.700","X":"MARKET","m":true}}
2024-07-23T16:28:33.252438Z info 8081 {"stream":"ethusdt@trade","data":{"e":"trade","E":1721723313319,"T":1721723313318,"s":"ETHUSDT","t":4229245765,"p":"3487.65","q":"0.007","X":"MARKET","m":true}}
2024-07-23T16:28:33.252467Z info 8081 {"stream":"ethusdt@trade","data":{"e":"trade","E":1721723313319,"T":1721723313318,"s":"ETHUSDT","t":4229245766,"p":"3487.64","q":"0.088","X":"MARKET","m":true}}
2024-07-23T16:28:33.252488Z info 8081 {"stream":"ethusdt@trade","data":{"e":"trade","E":1721723313319,"T":1721723313318,"s":"ETHUSDT","t":4229245767,"p":"3487.62","q":"0.880","X":"MARKET","m":true}}
2024-07-23T16:28:33.252494Z info 8081 {"stream":"ethusdt@trade","data":{"e":"trade","E":1721723313319,"T":1721723313318,"s":"ETHUSDT","t":4229245768,"p":"3487.62","q":"0.462","X":"MARKET","m":true}}
2024-07-23T16:28:33.252499Z info 8081 {"stream":"ethusdt@trade","data":{"e":"trade","E":1721723313319,"T":1721723313319,"s":"ETHUSDT","t":4229245769,"p":"3487.50","q":"0.020","X":"MARKET","m":true}}
2024-07-23T16:28:33.252678Z info 8081 {"stream":"ethusdt@trade","data":{"e":"trade","E":1721723313319,"T":1721723313319,"s":"ETHUSDT","t":4229245770,"p":"3487.50","q":"0.374","X":"MARKET","m":true}}
2024-07-23T16:28:33.252714Z info 8081 {"stream":"ethusdt@trade","data":{"e":"trade","E":1721723313319,"T":1721723313319,"s":"ETHUSDT","t":4229245771,"p":"3487.50","q":"0.322","X":"MARKET","m":true}}
2024-07-23T16:28:33.252749Z info 8081 {"stream":"ethusdt@trade","data":{"e":"trade","E":1721723313319,"T":1721723313319,"s":"ETHUSDT","t":4229245772,"p":"3487.50","q":"0.014","X":"MARKET","m":true}}
2024-07-23T16:28:33.252780Z info 8081 {"stream":"ethusdt@trade","data":{"e":"trade","E":1721723313319,"T":1721723313319,"s":"ETHUSDT","t":4229245773,"p":"3487.46","q":"0.006","X":"MARKET","m":true}}
2024-07-23T16:28:33.252805Z info 8081 {"stream":"ethusdt@trade","data":{"e":"trade","E":1721723313319,"T":1721723313319,"s":"ETHUSDT","t":4229245774,"p":"3487.45","q":"4.000","X":"MARKET","m":true}}
2024-07-23T16:28:33.252834Z info 8081 {"stream":"ethusdt@trade","data":{"e":"trade","E":1721723313319,"T":1721723313319,"s":"ETHUSDT","t":4229245775,"p":"3487.45","q":"0.296","X":"MARKET","m":true}}
2024-07-23T16:28:33.264348Z info 8081 {"stream":"ethusdt@trade","data":{"e":"trade","E":1721723313329,"T":1721723313328,"s":"ETHUSDT","t":4229245776,"p":"3487.46","q":"0.398","X":"MARKET","m":false}}
2024-07-23T16:28:33.266471Z info 8081 {"stream":"ethusdt@trade","data":{"e":"trade","E":1721723313330,"T":1721723313330,"s":"ETHUSDT","t":4229245777,"p":"3487.45","q":"1.334","X":"MARKET","m":true}}
2024-07-23T16:28:33.266535Z info 8081 {"stream":"ethusdt@trade","data":{"e":"trade","E":1721723313330,"T":1721723313330,"s":"ETHUSDT","t":4229245778,"p":"3487.45","q":"2.100","X":"MARKET","m":true}}
2024-07-23T16:28:33.266567Z info 8081 {"stream":"ethusdt@trade","data":{"e":"trade","E":1721723313330,"T":1721723313330,"s":"ETHUSDT","t":4229245779,"p":"3487.45","q":"1.889","X":"MARKET","m":true}}
2024-07-23T16:28:33.349196Z info 8081 {"stream":"xrpusdt@trade","data":{"e":"trade","E":1721723313419,"T":1721723313418,"s":"XRPUSDT","t":1535422479,"p":"0.5985","q":"16.7","X":"MARKET","m":false}}
2024-07-23T16:28:33.375615Z info 8081 {"stream":"ethusdt@trade","data":{"e":"trade","E":1721723313445,"T":1721723313445,"s":"ETHUSDT","t":4229245780,"p":"3487.45","q":"0.035","X":"MARKET","m":false}}
2024-07-23T16:28:33.401228Z info 8081 {"stream":"ethusdt@trade","data":{"e":"trade","E":1721723313470,"T":1721723313470,"s":"ETHUSDT","t":4229245781,"p":"3487.45","q":"0.107","X":"MARKET","m":false}}
2024-07-23T16:28:33.433027Z info 8081 {"stream":"xrpusdt@trade","data":{"e":"trade","E":1721723313502,"T":1721723313501,"s":"XRPUSDT","t":1535422480,"p":"0.5985","q":"108.9","X":"MARKET","m":false}}
2024-07-23T16:28:33.453851Z info 8081 {"stream":"ethusdt@trade","data":{"e":"trade","E":1721723313522,"T":1721723313522,"s":"ETHUSDT","t":4229245782,"p":"3487.44","q":"0.011","X":"MARKET","m":true}}
2024-07-23T16:28:33.553947Z info 8081 {"stream":"ethusdt@trade","data":{"e":"trade","E":1721723313622,"T":1721723313622,"s":"ETHUSDT","t":4229245783,"p":"3487.45","q":"0.105","X":"MARKET","m":false}}
2024-07-23T16:28:33.553987Z info 8081 {"stream":"ethusdt@trade","data":{"e":"trade","E":1721723313622,"T":1721723313622,"s":"ETHUSDT","t":4229245784,"p":"3487.45","q":"0.030","X":"MARKET","m":false}}
2024-07-23T16:28:33.553994Z info 8081 {"stream":"ethusdt@trade","data":{"e":"trade","E":1721723313622,"T":1721723313622,"s":"ETHUSDT","t":4229245785,"p":"3487.45","q":"0.027","X":"MARKET","m":false}}
2024-07-23T16:28:33.554000Z info 8081 {"stream":"ethusdt@trade","data":{"e":"trade","E":1721723313622,"T":1721723313622,"s":"ETHUSDT","t":4229245786,"p":"3487.45","q":"0.016","X":"MARKET","m":false}}
2024-07-23T16:28:33.554004Z info 8081 {"stream":"ethusdt@trade","data":{"e":"trade","E":1721723313622,"T":1721723313622,"s":"ETHUSDT","t":4229245787,"p":"3487.45","q":"0.009","X":"MARKET","m":false}}
2024-07-23T16:28:33.554009Z info 8081 {"stream":"ethusdt@trade","data":{"e":"trade","E":1721723313622,"T":1721723313622,"s":"ETHUSDT","t":4229245788,"p":"3487.46","q":"0.006","X":"MARKET","m":false}}
2024-07-23T16:28:33.554022Z info 8081 {"stream":"ethusdt@trade","data":{"e":"trade","E":1721723313622,"T":1721723313622,"s":"ETHUSDT","t":4229245789,"p":"3487.47","q":"0.006","X":"MARKET","m":false}}
2024-07-23T16:28:33.554043Z info 8081 {"stream":"ethusdt@trade","data":{"e":"trade","E":1721723313622,"T":1721723313622,"s":"ETHUSDT","t":4229245790,"p":"3487.48","q":"0.006","X":"MARKET","m":false}}
2024-07-23T16:28:33.554050Z info 8081 {"stream":"ethusdt@trade","data":{"e":"trade","E":1721723313622,"T":1721723313622,"s":"ETHUSDT","t":4229245791,"p":"3487.48","q":"0.100","X":"MARKET","m":false}}
2024-07-23T16:28:33.554056Z info 8081 {"stream":"ethusdt@trade","data":{"e":"trade","E":1721723313622,"T":1721723313622,"s":"ETHUSDT","t":4229245792,"p":"3487.51","q":"0.229","X":"MARKET","m":false}}
2024-07-23T16:28:33.554062Z info 8081 {"stream":"ethusdt@trade","data":{"e":"trade","E":1721723313622,"T":1721723313622,"s":"ETHUSDT","t":4229245793,"p":"3487.52","q":"0.006","X":"MARKET","m":false}}
2024-07-23T16:28:33.560437Z info 8081 {"stream":"ethusdt@trade","data":{"e":"trade","E":1721723313628,"T":1721723313628,"s":"ETHUSDT","t":4229245794,"p":"3487.53","q":"0.006","X":"MARKET","m":false}}
2024-07-23T16:28:33.560517Z info 8081 {"stream":"ethusdt@trade","data":{"e":"trade","E":1721723313628,"T":1721723313628,"s":"ETHUSDT","t":4229245795,"p":"3487.53","q":"0.046","X":"MARKET","m":false}}
2024-07-23T16:28:33.560591Z info 8081 {"stream":"ethusdt@trade","data":{"e":"trade","E":1721723313628,"T":1721723313628,"s":"ETHUSDT","t":4229245796,"p":"3487.53","q":"0.007","X":"MARKET","m":false}}
2024-07-23T16:28:33.561945Z info 8081 {"stream":"ethusdt@trade","data":{"e":"trade","E":1721723313629,"T":1721723313628,"s":"ETHUSDT","t":4229245797,"p":"3487.53","q":"0.052","X":"MARKET","m":false}}
2024-07-23T16:28:33.563996Z info 8081 {"stream":"ethusdt@trade","data":{"e":"trade","E":1721723313631,"T":1721723313631,"s":"ETHUSDT","t":4229245798,"p":"3487.53","q":"0.052","X":"MARKET","m":false}}
2024-07-23T16:28:33.569867Z info 8081 {"stream":"ethusdt@trade","data":{"e":"trade","E":1721723313639,"T":1721723313638,"s":"ETHUSDT","t":4229245799,"p":"3487.53","q":"0.006","X":"MARKET","m":false}}
2024-07-23T16:28:33.642541Z info 8081 {"stream":"ethusdt@trade","data":{"e":"trade","E":1721723313712,"T":1721723313711,"s":"ETHUSDT","t":4229245800,"p":"3487.53","q":"0.007","X":"MARKET","m":false}}
2024-07-23T16:28:33.642575Z info 8081 {"stream":"ethusdt@trade","data":{"e":"trade","E":1721723313712,"T":1721723313711,"s":"ETHUSDT","t":4229245801,"p":"3487.53","q":"0.007","X":"MARKET","m":false}}
2024-07-23T16:28:33.642605Z info 8081 {"stream":"ethusdt@trade","data":{"e":"trade","E":1721723313712,"T":1721723313711,"s":"ETHUSDT","t":4229245802,"p":"3487.53","q":"0.007","X":"MARKET","m":false}}
2024-07-23T16:28:33.642626Z info 8081 {"stream":"ethusdt@trade","data":{"e":"trade","E":1721723313712,"T":1721723313711,"s":"ETHUSDT","t":4229245803,"p":"3487.53","q":"0.007","X":"MARKET","m":false}}
2024-07-23T16:28:33.642649Z info 8081 {"stream":"ethusdt@trade","data":{"e":"trade","E":1721723313712,"T":1721723313711,"s":"ETHUSDT","t":4229245804,"p":"3487.53","q":"0.007","X":"MARKET","m":false}}
2024-07-23T16:28:33.642681Z info 8081 {"stream":"ethusdt@trade","data":{"e":"trade","E":1721723313712,"T":1721723313711,"s":"ETHUSDT","t":4229245805,"p":"3487.53","q":"0.002","X":"MARKET","m":false}}
2024-07-23T16:28:33.642690Z info 8081 {"stream":"ethusdt@trade","data":{"e":"trade","E":1721723313712,"T":1721723313711,"s":"ETHUSDT","t":4229245806,"p":"3487.53","q":"0.005","X":"MARKET","m":false}}
2024-07-23T16:28:33.643118Z info 8081 {"stream":"ethusdt@trade","data":{"e":"trade","E":1721723313712,"T":1721723313711,"s":"ETHUSDT","t":4229245807,"p":"3487.53","q":"0.007","X":"MARKET","m":false}}
2024-07-23T16:28:33.643156Z info 8081 {"stream":"ethusdt@trade","data":{"e":"trade","E":1721723313712,"T":1721723313712,"s":"ETHUSDT","t":4229245808,"p":"3487.53","q":"0.001","X":"MARKET","m":false}}
2024-07-23T16:28:33.643188Z info 8081 {"stream":"ethusdt@trade","data":{"e":"trade","E":1721723313712,"T":1721723313712,"s":"ETHUSDT","t":4229245809,"p":"3487.53","q":"0.006","X":"MARKET","m":false}}
2024-07-23T16:28:33.643223Z info 8081 {"stream":"ethusdt@trade","data":{"e":"trade","E":1721723313712,"T":1721723313712,"s":"ETHUSDT","t":4229245810,"p":"3487.53","q":"0.006","X":"MARKET","m":false}}
2024-07-23T16:28:33.646870Z info 8081 {"stream":"ethusdt@trade","data":{"e":"trade","E":1721723313716,"T":1721723313716,"s":"ETHUSDT","t":4229245811,"p":"3487.55","q":"0.573","X":"MARKET","m":false}}
2024-07-23T16:28:33.646900Z info 8081 {"stream":"ethusdt@trade","data":{"e":"trade","E":1721723313717,"T":1721723313716,"s":"ETHUSDT","t":4229245812,"p":"3487.55","q":"0.020","X":"MARKET","m":false}}
2024-07-23T16:28:33.726177Z info 8081 {"stream":"ethusdt@trade","data":{"e":"trade","E":1721723313795,"T":1721723313795,"s":"ETHUSDT","t":4229245813,"p":"3487.55","q":"1.000","X":"MARKET","m":false}}
2024-07-23T16:28:33.748765Z info 8081 {"stream":"ethusdt@trade","data":{"e":"trade","E":1721723313818,"T":1721723313818,"s":"ETHUSDT","t":4229245814,"p":"3487.68","q":"0.007","X":"MARKET","m":false}}
2024-07-23T16:28:33.748800Z info 8081 {"stream":"ethusdt@trade","data":{"e":"trade","E":1721723313818,"T":1721723313818,"s":"ETHUSDT","t":4229245815,"p":"3487.68","q":"0.020","X":"MARKET","m":false}}
2024-07-23T16:28:33.749816Z info 8081 {"stream":"ethusdt@trade","data":{"e":"trade","E":1721723313819,"T":1721723313818,"s":"ETHUSDT","t":4229245816,"p":"3487.68","q":"0.007","X":"MARKET","m":false}}
2024-07-23T16:28:33.749847Z info 8081 {"stream":"ethusdt@trade","data":{"e":"trade","E":1721723313819,"T":1721723313818,"s":"ETHUSDT","t":4229245817,"p":"3487.68","q":"0.007","X":"MARKET","m":false}}
2024-07-23T16:28:33.749855Z info 8081 {"stream":"ethusdt@trade","data":{"e":"trade","E":1721723313819,"T":1721723313818,"s":"ETHUSDT","t":4229245818,"p":"3487.68","q":"0.007","X":"MARKET","m":false}}
2024-07-23T16:28:33.749889Z info 8081 {"stream":"ethusdt@trade","data":{"e":"trade","E":1721723313819,"T":1721723313818,"s":"ETHUSDT","t":4229245819,"p":"3487.68","q":"0.007","X":"MARKET","m":false}}
2024-07-23T16:28:33.749926Z info 8081 {"stream":"ethusdt@trade","data":{"e":"trade","E":1721723313819,"T":1721723313818,"s":"ETHUSDT","t":4229245820,"p":"3487.68","q":"0.005","X":"MARKET","m":false}}
2024-07-23T16:28:33.798674Z info 8081 {"stream":"ethusdt@trade","data":{"e":"trade","E":1721723313868,"T":1721723313868,"s":"ETHUSDT","t":4229245821,"p":"3487.70","q":"5.000","X":"MARKET","m":true}}
2024-07-23T16:28:33.798715Z info 8081 {"stream":"ethusdt@trade","data":{"e":"trade","E":1721723313868,"T":1721723313868,"s":"ETHUSDT","t":4229245822,"p":"3487.71","q":"0.020","X":"MARKET","m":false}}
2024-07-23T16:28:33.873601Z info 8081 {"stream":"xrpusdt@trade","data":{"e":"trade","E":1721723313943,"T":1721723313942,"s":"XRPUSDT","t":1535422481,"p":"0.5985","q":"8.4","X":"MARKET","m":false}}
2024-07-23T16:28:33.928629Z info 8081 {"stream":"ethusdt@trade","data":{"e":"trade","E":1721723313998,"T":1721723313998,"s":"ETHUSDT","t":4229245823,"p":"3487.70","q":"0.008","X":"MARKET","m":true}}
2024-07-23T16:28:34.083819Z info 8081 {"stream":"ethusdt@trade","data":{"e":"trade","E":1721723314153,"T":1721723314153,"s":"ETHUSDT","t":4229245824,"p":"3487.71","q":"1.000","X":"MARKET","m":false}}
2024-07-23T16:28:34.216634Z info 8081 {"stream":"xrpusdt@trade","data":{"e":"trade","E":1721723314285,"T":1721723314285,"s":"XRPUSDT","t":1535422482,"p":"0.5985","q":"149.0","X":"MARKET","m":false}}
2024-07-23T16:28:34.292942Z info 8081 {"stream":"ethusdt@trade","data":{"e":"trade","E":1721723314362,"T":1721723314362,"s":"ETHUSDT","t":4229245825,"p":"3487.78","q":"0.057","X":"MARKET","m":true}}
2024-07-23T16:28:34.292977Z info 8081 {"stream":"ethusdt@trade","data":{"e":"trade","E":1721723314362,"T":1721723314362,"s":"ETHUSDT","t":4229245826,"p":"3487.79","q":"0.020","X":"MARKET","m":false}}
2024-07-23T16:28:34.292984Z info 8081 {"stream":"ethusdt@trade","data":{"e":"trade","E":1721723314362,"T":1721723314362,"s":"ETHUSDT","t":4229245827,"p":"3487.79","q":"0.020","X":"MARKET","m":false}}
2024-07-23T16:28:34.317556Z info 8081 {"stream":"ethusdt@trade","data":{"e":"trade","E":1721723314386,"T":1721723314386,"s":"ETHUSDT","t":4229245828,"p":"3487.79","q":"22.862","X":"MARKET","m":false}}
2024-07-23T16:28:34.317593Z info 8081 {"stream":"ethusdt@trade","data":{"e":"trade","E":1721723314386,"T":1721723314386,"s":"ETHUSDT","t":4229245829,"p":"3487.79","q":"0.100","X":"MARKET","m":false}}
2024-07-23T16:28:34.317625Z info 8081 {"stream":"ethusdt@trade","data":{"e":"trade","E":1721723314386,"T":1721723314386,"s":"ETHUSDT","t":4229245830,"p":"3487.79","q":"0.006","X":"MARKET","m":false}}
2024-07-23T16:28:34.317661Z info 8081 {"stream":"ethusdt@trade","data":{"e":"trade","E":1721723314386,"T":1721723314386,"s":"ETHUSDT","t":4229245831,"p":"3487.79","q":"0.057","X":"MARKET","m":false}}
2024-07-23T16:28:34.317683Z info 8081 {"stream":"ethusdt@trade","data":{"e":"trade","E":1721723314386,"T":1721723314386,"s":"ETHUSDT","t":4229245832,"p":"3487.79","q":"0.040","X":"MARKET","m":false}}
2024-07-23T16:28:34.317716Z info 8081 {"stream":"ethusdt@trade","data":{"e":"trade","E":1721723314386,"T":1721723314386,"s":"ETHUSDT","t":4229245833,"p":"3487.79","q":"0.204","X":"MARKET","m":false}}
2024-07-23T16:28:34.322463Z info 8081 {"stream":"ethusdt@trade","data":{"e":"trade","E":1721723314389,"T":1721723314389,"s":"ETHUSDT","t":4229245834,"p":"3487.79","q":"0.027","X":"MARKET","m":false}}
2024-07-23T16:28:34.322508Z info 8081 {"stream":"ethusdt@trade","data":{"e":"trade","E":1721723314390,"T":1721723314390,"s":"ETHUSDT","t":4229245835,"p":"3487.79","q":"0.171","X":"MARKET","m":false}}
2024-07-23T16:28:34.322548Z info 8081 {"stream":"ethusdt@trade","data":{"e":"trade","E":1721723314390,"T":1721723314390,"s":"ETHUSDT","t":4229245836,"p":"3487.79","q":"0.522","X":"MARKET","m":false}}
2024-07-23T16:28:34.322584Z info 8081 {"stream":"ethusdt@trade","data":{"e":"trade","E":1721723314390,"T":1721723314390,"s":"ETHUSDT","t":4229245837,"p":"3487.79","q":"0.287","X":"MARKET","m":false}}
2024-07-23T16:28:34.322614Z info 8081 {"stream":"ethusdt@trade","data":{"e":"trade","E":1721723314390,"T":1721723314390,"s":"ETHUSDT","t":4229245838,"p":"3487.79","q":"0.369","X":"MARKET","m":false}}
2024-07-23T16:28:34.322645Z info 8081 {"stream":"ethusdt@trade","data":{"e":"trade","E":1721723314390,"T":1721723314390,"s":"ETHUSDT","t":4229245839,"p":"3487.79","q":"0.081","X":"MARKET","m":false}}
2024-07-23T16:28:34.323569Z info 8081 {"stream":"ethusdt@trade","data":{"e":"trade","E":1721723314391,"T":1721723314391,"s":"ETHUSDT","t":4229245840,"p":"3487.79","q":"0.288","X":"MARKET","m":false}}
2024-07-23T16:28:34.323607Z info 8081 {"stream":"ethusdt@trade","data":{"e":"trade","E":1721723314391,"T":1721723314391,"s":"ETHUSDT","t":4229245841,"p":"3487.79","q":"0.369","X":"MARKET","m":false}}
2024-07-23T16:28:34.323627Z info 8081 {"stream":"ethusdt@trade","data":{"e":"trade","E":1721723314391,"T":1721723314391,"s":"ETHUSDT","t":4229245842,"p":"3487.79","q":"0.053","X":"MARKET","m":false}}
2024-07-23T16:28:34.342597Z info 8081 {"stream":"ethusdt@trade","data":{"e":"trade","E":1721723314410,"T":1721723314410,"s":"ETHUSDT","t":4229245843,"p":"3487.79","q":"0.143","X":"MARKET","m":false}}
2024-07-23T16:28:34.342630Z info 8081 {"stream":"ethusdt@trade","data":{"e":"trade","E":1721723314410,"T":1721723314410,"s":"ETHUSDT","t":4229245844,"p":"3487.79","q":"0.115","X":"MARKET","m":false}}
2024-07-23T16:28:34.342638Z info 8081 {"stream":"ethusdt@trade","data":{"e":"trade","E":1721723314410,"T":1721723314410,"s":"ETHUSDT","t":4229245845,"p":"3487.79","q":"0.455","X":"MARKET","m":false}}
2024-07-23T16:28:34.342646Z info 8081 {"stream":"ethusdt@trade","data":{"e":"trade","E":1721723314410,"T":1721723314410,"s":"ETHUSDT","t":4229245846,"p":"3487.79","q":"0.011","X":"MARKET","m":false}}
2024-07-23T16:28:34.342667Z info 8081 {"stream":"ethusdt@trade","data":{"e":"trade","E":1721723314410,"T":1721723314410,"s":"ETHUSDT","t":4229245847,"p":"3487.80","q":"0.009","X":"MARKET","m":false}}
2024-07-23T16:28:34.342674Z info 8081 {"stream":"ethusdt@trade","data":{"e":"trade","E":1721723314410,"T":1721723314410,"s":"ETHUSDT","t":4229245848,"p":"3487.80","q":"1.577","X":"MARKET","m":false}}
2024-07-23T16:28:34.342693Z info 8081 {"stream":"ethusdt@trade","data":{"e":"trade","E":1721723314410,"T":1721723314410,"s":"ETHUSDT","t":4229245849,"p":"3487.80","q":"0.180","X":"MARKET","m":false}}
2024-07-23T16:28:34.342700Z info 8081 {"stream":"ethusdt@trade","data":{"e":"trade","E":1721723314410,"T":1721723314410,"s":"ETHUSDT","t":4229245850,"p":"3487.80","q":"3.000","X":"MARKET","m":false}}
2024-07-23T16:28:34.342705Z info 8081 {"stream":"ethusdt@trade","data":{"e":"trade","E":1721723314410,"T":1721723314410,"s":"ETHUSDT","t":4229245851,"p":"3487.80","q":"0.860","X":"MARKET","m":false}}
2024-07-23T16:28:34.342710Z info 8081 {"stream":"ethusdt@trade","data":{"e":"trade","E":1721723314410,"T":1721723314410,"s":"ETHUSDT","t":4229245852,"p":"3487.80","q":"0.015","X":"MARKET","m":false}}
2024-07-23T16:28:34.342715Z info 8081 {"stream":"ethusdt@trade","data":{"e":"trade","E":1721723314410,"T":1721723314410,"s":"ETHUSDT","t":4229245853,"p":"3487.80","q":"0.670","X":"MARKET","m":false}}
2024-07-23T16:28:34.342719Z info 8081 {"stream":"ethusdt@trade","data":{"e":"trade","E":1721723314410,"T":1721723314410,"s":"ETHUSDT","t":4229245854,"p":"3487.80","q":"1.641","X":"MARKET","m":false}}
2024-07-23T16:28:34.342724Z info 8081 {"stream":"ethusdt@trade","data":{"e":"trade","E":1721723314410,"T":1721723314410,"s":"ETHUSDT","t":4229245855,"p":"3487.80","q":"0.040","X":"MARKET","m":false}}
2024-07-23T16:28:34.342728Z info 8081 {"stream":"ethusdt@trade","data":{"e":"trade","E":1721723314410,"T":1721723314410,"s":"ETHUSDT","t":4229245856,"p":"3487.80","q":"0.400","X":"MARKET","m":false}}
2024-07-23T16:28:34.342733Z info 8081 {"stream":"ethusdt@trade","data":{"e":"trade","E":1721723314410,"T":1721723314410,"s":"ETHUSDT","t":4229245857,"p":"3487.80","q":"0.071","X":"MARKET","m":false}}
2024-07-23T16:28:34.342738Z info 8081 {"stream":"ethusdt@trade","data":{"e":"trade","E":1721723314410,"T":1721723314410,"s":"ETHUSDT","t":4229245858,"p":"3487.81","q":"0.014","X":"MARKET","m":false}}
2024-07-23T16:28:34.342742Z info 8081 {"stream":"ethusdt@trade","data":{"e":"trade","E":1721723314410,"T":1721723314410,"s":"ETHUSDT","t":4229245859,"p":"3487.81","q":"0.006","X":"MARKET","m":false}}
2024-07-23T16:28:34.343664Z info 8081 {"stream":"ethusdt@trade","data":{"e":"trade","E":1721723314412,"T":1721723314411,"s":"ETHUSDT","t":4229245860,"p":"3487.81","q":"0.194","X":"MARKET","m":false}}
2024-07-23T16:28:34.429001Z info 8081 {"stream":"ethusdt@trade","data":{"e":"trade","E":1721723314498,"T":1721723314498,"s":"ETHUSDT","t":4229245861,"p":"3487.80","q":"2.229","X":"MARKET","m":true}}
2024-07-23T16:28:34.459524Z info 8081 {"stream":"ethusdt@trade","data":{"e":"trade","E":1721723314529,"T":1721723314529,"s":"ETHUSDT","t":4229245862,"p":"3487.80","q":"1.157","X":"MARKET","m":true}}
2024-07-23T16:28:34.462006Z info 8081 {"stream":"xrpusdt@trade","data":{"e":"trade","E":1721723314532,"T":1721723314531,"s":"XRPUSDT","t":1535422483,"p":"0.5984","q":"178.9","X":"MARKET","m":true}}
2024-07-23T16:28:34.480767Z info 8081 {"stream":"ethusdt@trade","data":{"e":"trade","E":1721723314549,"T":1721723314549,"s":"ETHUSDT","t":4229245863,"p":"3487.81","q":"1.105","X":"MARKET","m":false}}
2024-07-23T16:28:34.480806Z info 8081 {"stream":"ethusdt@trade","data":{"e":"trade","E":1721723314549,"T":1721723314549,"s":"ETHUSDT","t":4229245864,"p":"3487.81","q":"4.697","X":"MARKET","m":false}}
2024-07-23T16:28:34.482198Z info 8081 {"stream":"ethusdt@trade","data":{"e":"trade","E":1721723314551,"T":1721723314551,"s":"ETHUSDT","t":4229245865,"p":"3487.80","q":"0.066","X":"MARKET","m":true}}
2024-07-23T16:28:34.484116Z info 8081 {"stream":"ethusdt@trade","data":{"e":"trade","E":1721723314553,"T":1721723314553,"s":"ETHUSDT","t":4229245866,"p":"3487.80","q":"0.187","X":"MARKET","m":true}}
2024-07-23T16:28:34.489988Z info 8081 {"stream":"ethusdt@trade","data":{"e":"trade","E":1721723314559,"T":1721723314559,"s":"ETHUSDT","t":4229245867,"p":"3487.80","q":"0.143","X":"MARKET","m":true}}
2024-07-23T16:28:34.620139Z info 8081 {"stream":"ethusdt@trade","data":{"e":"trade","E":1721723314689,"T":1721723314689,"s":"ETHUSDT","t":4229245868,"p":"3487.81","q":"0.106","X":"MARKET","m":false}}
2024-07-23T16:28:34.670542Z info 8081 {"stream":"xrpusdt@trade","data":{"e":"trade","E":1721723314740,"T":1721723314740,"s":"XRPUSDT","t":1535422484,"p":"0.5985","q":"85.8","X":"MARKET","m":false}}
2024-07-23T16:28:34.706586Z info 8081 {"stream":"xrpusdt@trade","data":{"e":"trade","E":1721723314775,"T":1721723314775,"s":"XRPUSDT","t":1535422485,"p":"0.5985","q":"241.9","X":"MARKET","m":false}}
2024-07-23T16:28:34.706626Z info 8081 {"stream":"xrpusdt@trade","data":{"e":"trade","E":1721723314775,"T":1721723314775,"s":"XRPUSDT","t":1535422486,"p":"0.5985","q":"241.1","X":"MARKET","m":false}}
2024-07-23T16:28:34.706633Z info 8081 {"stream":"xrpusdt@trade","data":{"e":"trade","E":1721723314776,"T":1721723314776,"s":"XRPUSDT","t":1535422487,"p":"0.5985","q":"339.7","X":"MARKET","m":false}}
2024-07-23T16:28:34.755653Z info 8081 {"stream":"ethusdt@trade","data":{"e":"trade","E":1721723314824,"T":1721723314824,"s":"ETHUSDT","t":4229245869,"p":"3487.81","q":"7.759","X":"MARKET","m":false}}
2024-07-23T16:28:34.761096Z info 8081 {"stream":"xrpusdt@trade","data":{"e":"trade","E":1721723314831,"T":1721723314831,"s":"XRPUSDT","t":1535422488,"p":"0.5984","q":"46.0","X":"MARKET","m":true}}
2024-07-23T16:28:34.775087Z info 8081 {"stream":"ethusdt@trade","data":{"e":"trade","E":1721723314845,"T":1721723314844,"s":"ETHUSDT","t":4229245870,"p":"3487.80","q":"1.136","X":"MARKET","m":true}}
2024-07-23T16:28:34.775121Z info 8081 {"stream":"ethusdt@trade","data":{"e":"trade","E":1721723314845,"T":1721723314844,"s":"ETHUSDT","t":4229245871,"p":"3487.80","q":"1.358","X":"MARKET","m":true}}
2024-07-23T16:28:34.826699Z info 8081 {"stream":"ethusdt@trade","data":{"e":"trade","E":1721723314896,"T":1721723314896,"s":"ETHUSDT","t":4229245872,"p":"3487.81","q":"0.014","X":"MARKET","m":false}}
2024-07-23T16:28:34.844811Z info 8081 {"stream":"ethusdt@trade","data":{"e":"trade","E":1721723314914,"T":1721723314914,"s":"ETHUSDT","t":4229245873,"p":"3487.81","q":"0.173","X":"MARKET","m":false}}
2024-07-23T16:28:34.881750Z info 8081 {"stream":"ethusdt@trade","data":{"e":"trade","E":1721723314950,"T":1721723314950,"s":"ETHUSDT","t":4229245874,"p":"3487.81","q":"2.841","X":"MARKET","m":false}}
2024-07-23T16:28:34.883233Z info 8081 {"stream":"ethusdt@trade","data":{"e":"trade","E":1721723314952,"T":1721723314952,"s":"ETHUSDT","t":4229245875,"p":"3487.80","q":"0.215","X":"MARKET","m":true}}
2024-07-23T16:28:34.915080Z info 8081 {"stream":"ethusdt@trade","data":{"e":"trade","E":1721723314985,"T":1721723314984,"s":"ETHUSDT","t":4229245876,"p":"3487.80","q":"0.332","X":"MARKET","m":true}}
2024-07-23T16:28:34.996609Z info 8081 {"stream":"ethusdt@trade","data":{"e":"trade","E":1721723315065,"T":1721723315065,"s":"ETHUSDT","t":4229245877,"p":"3487.80","q":"0.057","X":"MARKET","m":true}}
2024-07-23T16:28:35.006309Z info 8081 {"stream":"ethusdt@trade","data":{"e":"trade","E":1721723315076,"T":1721723315075,"s":"ETHUSDT","t":4229245878,"p":"3487.80","q":"0.500","X":"MARKET","m":true}}
2024-07-23T16:28:35.143348Z info 8081 {"stream":"ethusdt@trade","data":{"e":"trade","E":1721723315213,"T":1721723315213,"s":"ETHUSDT","t":4229245879,"p":"3487.81","q":"0.006","X":"MARKET","m":false}}
2024-07-23T16:28:35.153346Z info 8081 {"stream":"ethusdt@trade","data":{"e":"trade","E":1721723315222,"T":1721723315222,"s":"ETHUSDT","t":4229245880,"p":"3487.80","q":"0.127","X":"MARKET","m":true}}
2024-07-23T16:28:35.153385Z info 8081 {"stream":"ethusdt@trade","data":{"e":"trade","E":1721723315222,"T":1721723315222,"s":"ETHUSDT","t":4229245881,"p":"3487.80","q":"1.223","X":"MARKET","m":true}}
2024-07-23T16:28:35.154304Z info 8081 {"stream":"ethusdt@trade","data":{"e":"trade","E":1721723315223,"T":1721723315223,"s":"ETHUSDT","t":4229245882,"p":"3487.80","q":"0.290","X":"MARKET","m":true}}
2024-07-23T16:28:35.224581Z info 8081 {"stream":"xrpusdt@trade","data":{"e":"trade","E":1721723315293,"T":1721723315293,"s":"XRPUSDT","t":1535422489,"p":"0.5984","q":"68.9","X":"MARKET","m":true}}
2024-07-23T16:28:35.244634Z info 8081 {"stream":"ethusdt@trade","data":{"e":"trade","E":1721723315314,"T":1721723315313,"s":"ETHUSDT","t":4229245883,"p":"3487.81","q":"5.122","X":"MARKET","m":false}}
2024-07-23T16:28:35.245298Z info 8081 {"stream":"ethusdt@trade","data":{"e":"trade","E":1721723315314,"T":1721723315313,"s":"ETHUSDT","t":4229245884,"p":"3487.81","q":"0.006","X":"MARKET","m":false}}
2024-07-23T16:28:35.245335Z info 8081 {"stream":"ethusdt@trade","data":{"e":"trade","E":1721723315314,"T":1721723315313,"s":"ETHUSDT","t":4229245885,"p":"3487.81","q":"0.008","X":"MARKET","m":false}}
2024-07-23T16:28:35.245367Z info 8081 {"stream":"ethusdt@trade","data":{"e":"trade","E":1721723315314,"T":1721723315313,"s":"ETHUSDT","t":4229245886,"p":"3487.81","q":"0.898","X":"MARKET","m":false}}
2024-07-23T16:28:35.245407Z info 8081 {"stream":"ethusdt@trade","data":{"e":"trade","E":1721723315314,"T":1721723315313,"s":"ETHUSDT","t":4229245887,"p":"3487.81","q":"0.009","X":"MARKET","m":false}}
2024-07-23T16:28:35.245441Z info 8081 {"stream":"ethusdt@trade","data":{"e":"trade","E":1721723315314,"T":1721723315313,"s":"ETHUSDT","t":4229245888,"p":"3487.82","q":"0.170","X":"MARKET","m":false}}
2024-07-23T16:28:35.245471Z info 8081 {"stream":"ethusdt@trade","data":{"e":"trade","E":1721723315314,"T":1721723315313,"s":"ETHUSDT","t":4229245889,"p":"3487.82","q":"0.097","X":"MARKET","m":false}}
2024-07-23T16:28:35.245505Z info 8081 {"stream":"ethusdt@trade","data":{"e":"trade","E":1721723315314,"T":1721723315313,"s":"ETHUSDT","t":4229245890,"p":"3487.83","q":"0.007","X":"MARKET","m":false}}
2024-07-23T16:28:35.245539Z info 8081 {"stream":"ethusdt@trade","data":{"e":"trade","E":1721723315314,"T":1721723315313,"s":"ETHUSDT","t":4229245891,"p":"3487.84","q":"0.015","X":"MARKET","m":false}}
2024-07-23T16:28:35.245571Z info 8081 {"stream":"ethusdt@trade","data":{"e":"trade","E":1721723315314,"T":1721723315313,"s":"ETHUSDT","t":4229245892,"p":"3487.84","q":"0.035","X":"MARKET","m":false}}
2024-07-23T16:28:35.245604Z info 8081 {"stream":"ethusdt@trade","data":{"e":"trade","E":1721723315314,"T":1721723315313,"s":"ETHUSDT","t":4229245893,"p":"3487.85","q":"0.006","X":"MARKET","m":false}}
2024-07-23T16:28:35.245635Z info 8081 {"stream":"ethusdt@trade","data":{"e":"trade","E":1721723315314,"T":1721723315313,"s":"ETHUSDT","t":4229245894,"p":"3487.87","q":"0.020","X":"MARKET","m":false}}
2024-07-23T16:28:35.275787Z info 8081 {"stream":"ethusdt@trade","data":{"e":"trade","E":1721723315345,"T":1721723315344,"s":"ETHUSDT","t":4229245895,"p":"3487.86","q":"0.300","X":"MARKET","m":true}}
2024-07-23T16:28:35.275828Z info 8081 {"stream":"ethusdt@trade","data":{"e":"trade","E":1721723315345,"T":1721723315345,"s":"ETHUSDT","t":4229245896,"p":"3487.86","q":"0.467","X":"MARKET","m":true}}
2024-07-23T16:28:35.319837Z info 8081 {"stream":"ethusdt@trade","data":{"e":"trade","E":1721723315389,"T":1721723315389,"s":"ETHUSDT","t":4229245897,"p":"3487.86","q":"13.569","X":"MARKET","m":true}}
2024-07-23T16:28:35.319874Z info 8081 {"stream":"ethusdt@trade","data":{"e":"trade","E":1721723315389,"T":1721723315389,"s":"ETHUSDT","t":4229245898,"p":"3487.86","q":"2.100","X":"MARKET","m":true}}
2024-07-23T16:28:35.319882Z info 8081 {"stream":"ethusdt@trade","data":{"e":"trade","E":1721723315389,"T":1721723315389,"s":"ETHUSDT","t":4229245899,"p":"3487.86","q":"2.689","X":"MARKET","m":true}}
2024-07-23T16:28:35.319888Z info 8081 {"stream":"ethusdt@trade","data":{"e":"trade","E":1721723315389,"T":1721723315389,"s":"ETHUSDT","t":4229245900,"p":"3487.86","q":"1.642","X":"MARKET","m":true}}
2024-07-23T16:28:35.540300Z info 8081 {"stream":"xrpusdt@trade","data":{"e":"trade","E":1721723315609,"T":1721723315609,"s":"XRPUSDT","t":1535422490,"p":"0.5984","q":"1105.7","X":"MARKET","m":true}}
2024-07-23T16:28:35.540342Z info 8081 {"stream":"xrpusdt@trade","data":{"e":"trade","E":1721723315609,"T":1721723315609,"s":"XRPUSDT","t":1535422491,"p":"0.5984","q":"567.6","X":"MARKET","m":true}}
2024-07-23T16:28:35.575909Z info 8081 {"stream":"xrpusdt@trade","data":{"e":"trade","E":1721723315645,"T":1721723315645,"s":"XRPUSDT","t":1535422492,"p":"0.5985","q":"415.8","X":"MARKET","m":false}}
2024-07-23T16:28:35.576891Z info 8081 {"stream":"ethusdt@trade","data":{"e":"trade","E":1721723315647,"T":1721723315647,"s":"ETHUSDT","t":4229245901,"p":"3487.86","q":"0.286","X":"MARKET","m":true}}
2024-07-23T16:28:35.584194Z info 8081 {"stream":"ethusdt@trade","data":{"e":"trade","E":1721723315654,"T":1721723315654,"s":"ETHUSDT","t":4229245902,"p":"3487.86","q":"0.007","X":"MARKET","m":true}}
2024-07-23T16:28:35.584231Z info 8081 {"stream":"ethusdt@trade","data":{"e":"trade","E":1721723315654,"T":1721723315654,"s":"ETHUSDT","t":4229245903,"p":"3487.87","q":"0.174","X":"MARKET","m":false}}
2024-07-23T16:28:35.660987Z info 8081 {"stream":"ethusdt@trade","data":{"e":"trade","E":1721723315731,"T":1721723315730,"s":"ETHUSDT","t":4229245904,"p":"3487.87","q":"0.806","X":"MARKET","m":false}}
2024-07-23T16:28:35.661027Z info 8081 {"stream":"ethusdt@trade","data":{"e":"trade","E":1721723315731,"T":1721723315730,"s":"ETHUSDT","t":4229245905,"p":"3487.87","q":"0.349","X":"MARKET","m":false}}
2024-07-23T16:28:35.661063Z info 8081 {"stream":"ethusdt@trade","data":{"e":"trade","E":1721723315731,"T":1721723315730,"s":"ETHUSDT","t":4229245906,"p":"3487.87","q":"0.010","X":"MARKET","m":false}}
2024-07-23T16:28:35.662046Z info 8081 {"stream":"ethusdt@trade","data":{"e":"trade","E":1721723315731,"T":1721723315730,"s":"ETHUSDT","t":4229245907,"p":"3487.87","q":"0.009","X":"MARKET","m":false}}
2024-07-23T16:28:35.662079Z info 8081 {"stream":"ethusdt@trade","data":{"e":"trade","E":1721723315731,"T":1721723315731,"s":"ETHUSDT","t":4229245908,"p":"3487.88","q":"0.430","X":"MARKET","m":false}}
2024-07-23T16:28:35.662110Z info 8081 {"stream":"ethusdt@trade","data":{"e":"trade","E":1721723315731,"T":1721723315731,"s":"ETHUSDT","t":4229245909,"p":"3487.88","q":"0.020","X":"MARKET","m":false}}
2024-07-23T16:28:35.662740Z info 8081 {"stream":"ethusdt@trade","data":{"e":"trade","E":1721723315733,"T":1721723315732,"s":"ETHUSDT","t":4229245910,"p":"3487.88","q":"0.015","X":"MARKET","m":false}}
2024-07-23T16:28:35.662786Z info 8081 {"stream":"ethusdt@trade","data":{"e":"trade","E":1721723315733,"T":1721723315732,"s":"ETHUSDT","t":4229245911,"p":"3487.88","q":"0.015","X":"MARKET","m":false}}
2024-07-23T16:28:35.664587Z info 8081 {"stream":"ethusdt@trade","data":{"e":"trade","E":1721723315733,"T":1721723315732,"s":"ETHUSDT","t":4229245912,"p":"3487.91","q":"0.400","X":"MARKET","m":false}}
2024-07-23T16:28:35.664626Z info 8081 {"stream":"ethusdt@trade","data":{"e":"trade","E":1721723315733,"T":1721723315733,"s":"ETHUSDT","t":4229245913,"p":"3487.91","q":"0.430","X":"MARKET","m":false}}
2024-07-23T16:28:35.664649Z info 8081 {"stream":"ethusdt@trade","data":{"e":"trade","E":1721723315733,"T":1721723315733,"s":"ETHUSDT","t":4229245914,"p":"3487.91","q":"0.430","X":"MARKET","m":false}}
2024-07-23T16:28:35.743846Z info 8081 {"stream":"ethusdt@trade","data":{"e":"trade","E":1721723315813,"T":1721723315813,"s":"ETHUSDT","t":4229245915,"p":"3487.90","q":"0.250","X":"MARKET","m":true}}
2024-07-23T16:28:35.762034Z info 8081 {"stream":"ethusdt@trade","data":{"e":"trade","E":1721723315831,"T":1721723315831,"s":"ETHUSDT","t":4229245916,"p":"3487.90","q":"0.006","X":"MARKET","m":true}}
2024-07-23T16:28:35.807229Z info 8081 {"stream":"xrpusdt@trade","data":{"e":"trade","E":1721723315877,"T":1721723315876,"s":"XRPUSDT","t":1535422493,"p":"0.5985","q":"582.4","X":"MARKET","m":false}}
2024-07-23T16:28:35.828963Z info 8081 {"stream":"ethusdt@trade","data":{"e":"trade","E":1721723315898,"T":1721723315898,"s":"ETHUSDT","t":4229245917,"p":"3487.91","q":"2.000","X":"MARKET","m":false}}
2024-07-23T16:28:35.846283Z info 8081 {"stream":"ethusdt@trade","data":{"e":"trade","E":1721723315915,"T":1721723315915,"s":"ETHUSDT","t":4229245918,"p":"3487.90","q":"0.389","X":"MARKET","m":true}}
2024-07-23T16:28:35.906151Z info 8081 {"stream":"ethusdt@trade","data":{"e":"trade","E":1721723315975,"T":1721723315975,"s":"ETHUSDT","t":4229245919,"p":"3487.91","q":"6.611","X":"MARKET","m":false}}
2024-07-23T16:28:35.906192Z info 8081 {"stream":"ethusdt@trade","data":{"e":"trade","E":1721723315975,"T":1721723315975,"s":"ETHUSDT","t":4229245920,"p":"3487.91","q":"0.605","X":"MARKET","m":false}}
2024-07-23T16:28:35.906220Z info 8081 {"stream":"ethusdt@trade","data":{"e":"trade","E":1721723315975,"T":1721723315975,"s":"ETHUSDT","t":4229245921,"p":"3487.91","q":"0.009","X":"MARKET","m":false}}
2024-07-23T16:28:35.906253Z info 8081 {"stream":"ethusdt@trade","data":{"e":"trade","E":1721723315975,"T":1721723315975,"s":"ETHUSDT","t":4229245922,"p":"3487.92","q":"0.015","X":"MARKET","m":false}}
2024-07-23T16:28:35.906263Z info 8081 {"stream":"ethusdt@trade","data":{"e":"trade","E":1721723315975,"T":1721723315975,"s":"ETHUSDT","t":4229245923,"p":"3487.93","q":"1.777","X":"MARKET","m":false}}
2024-07-23T16:28:35.906279Z info 8081 {"stream":"ethusdt@trade","data":{"e":"trade","E":1721723315975,"T":1721723315975,"s":"ETHUSDT","t":4229245924,"p":"3487.93","q":"0.020","X":"MARKET","m":false}}
2024-07-23T16:28:35.907654Z info 8081 {"stream":"ethusdt@trade","data":{"e":"trade","E":1721723315976,"T":1721723315976,"s":"ETHUSDT","t":4229245925,"p":"3487.93","q":"0.617","X":"MARKET","m":false}}
2024-07-23T16:28:35.907692Z info 8081 {"stream":"ethusdt@trade","data":{"e":"trade","E":1721723315976,"T":1721723315976,"s":"ETHUSDT","t":4229245926,"p":"3487.95","q":"0.011","X":"MARKET","m":false}}
2024-07-23T16:28:35.907701Z info 8081 {"stream":"ethusdt@trade","data":{"e":"trade","E":1721723315976,"T":1721723315976,"s":"ETHUSDT","t":4229245927,"p":"3487.96","q":"0.015","X":"MARKET","m":false}}
2024-07-23T16:28:35.907733Z info 8081 {"stream":"ethusdt@trade","data":{"e":"trade","E":1721723315976,"T":1721723315976,"s":"ETHUSDT","t":4229245928,"p":"3487.96","q":"0.635","X":"MARKET","m":false}}
2024-07-23T16:28:35.916699Z info 8081 {"stream":"ethusdt@trade","data":{"e":"trade","E":1721723315985,"T":1721723315985,"s":"ETHUSDT","t":4229245929,"p":"3487.96","q":"0.296","X":"MARKET","m":false}}
2024-07-23T16:28:35.916724Z info 8081 {"stream":"ethusdt@trade","data":{"e":"trade","E":1721723315986,"T":1721723315985,"s":"ETHUSDT","t":4229245930,"p":"3487.98","q":"0.187","X":"MARKET","m":false}}
2024-07-23T16:28:35.916731Z info 8081 {"stream":"ethusdt@trade","data":{"e":"trade","E":1721723315986,"T":1721723315985,"s":"ETHUSDT","t":4229245931,"p":"3487.99","q":"0.020","X":"MARKET","m":false}}
2024-07-23T16:28:35.916751Z info 8081 {"stream":"ethusdt@trade","data":{"e":"trade","E":1721723315986,"T":1721723315985,"s":"ETHUSDT","t":4229245932,"p":"3487.99","q":"0.055","X":"MARKET","m":false}}
2024-07-23T16:28:35.919634Z info 8081 {"stream":"ethusdt@trade","data":{"e":"trade","E":1721723315988,"T":1721723315988,"s":"ETHUSDT","t":4229245933,"p":"3488.00","q":"1.566","X":"MARKET","m":false}}
2024-07-23T16:28:35.919671Z info 8081 {"stream":"ethusdt@trade","data":{"e":"trade","E":1721723315989,"T":1721723315989,"s":"ETHUSDT","t":4229245934,"p":"3488.00","q":"5.169","X":"MARKET","m":false}}
2024-07-23T16:28:35.921115Z info 8081 {"stream":"ethusdt@trade","data":{"e":"trade","E":1721723315989,"T":1721723315989,"s":"ETHUSDT","t":4229245935,"p":"3488.00","q":"4.851","X":"MARKET","m":false}}
2024-07-23T16:28:35.921154Z info 8081 {"stream":"ethusdt@trade","data":{"e":"trade","E":1721723315989,"T":1721723315989,"s":"ETHUSDT","t":4229245936,"p":"3488.00","q":"2.270","X":"MARKET","m":false}}
2024-07-23T16:28:35.921184Z info 8081 {"stream":"ethusdt@trade","data":{"e":"trade","E":1721723315989,"T":1721723315989,"s":"ETHUSDT","t":4229245937,"p":"3488.00","q":"1.547","X":"MARKET","m":false}}
2024-07-23T16:28:35.921191Z info 8081 {"stream":"ethusdt@trade","data":{"e":"trade","E":1721723315989,"T":1721723315989,"s":"ETHUSDT","t":4229245938,"p":"3488.00","q":"0.903","X":"MARKET","m":false}}
2024-07-23T16:28:35.921225Z info 8081 {"stream":"ethusdt@trade","data":{"e":"trade","E":1721723315989,"T":1721723315989,"s":"ETHUSDT","t":4229245939,"p":"3488.00","q":"18.489","X":"MARKET","m":false}}
2024-07-23T16:28:35.921264Z info 8081 {"stream":"ethusdt@trade","data":{"e":"trade","E":1721723315989,"T":1721723315989,"s":"ETHUSDT","t":4229245940,"p":"3488.00","q":"0.045","X":"MARKET","m":false}}
2024-07-23T16:28:35.921297Z info 8081 {"stream":"ethusdt@trade","data":{"e":"trade","E":1721723315989,"T":1721723315989,"s":"ETHUSDT","t":4229245941,"p":"3488.00","q":"0.740","X":"MARKET","m":false}}
2024-07-23T16:28:35.921807Z info 8081 {"stream":"ethusdt@trade","data":{"e":"trade","E":1721723315989,"T":1721723315989,"s":"ETHUSDT","t":4229245942,"p":"3488.00","q":"0.489","X":"MARKET","m":false}}
2024-07-23T16:28:35.921845Z info 8081 {"stream":"ethusdt@trade","data":{"e":"trade","E":1721723315989,"T":1721723315989,"s":"ETHUSDT","t":4229245943,"p":"3488.00","q":"0.714","X":"MARKET","m":false}}
2024-07-23T16:28:35.921875Z info 8081 {"stream":"ethusdt@trade","data":{"e":"trade","E":1721723315990,"T":1721723315989,"s":"ETHUSDT","t":4229245944,"p":"3488.00","q":"6.011","X":"MARKET","m":false}}
2024-07-23T16:28:35.921895Z info 8081 {"stream":"ethusdt@trade","data":{"e":"trade","E":1721723315990,"T":1721723315989,"s":"ETHUSDT","t":4229245945,"p":"3488.00","q":"2.606","X":"MARKET","m":false}}
2024-07-23T16:28:35.921924Z info 8081 {"stream":"ethusdt@trade","data":{"e":"trade","E":1721723315990,"T":1721723315989,"s":"ETHUSDT","t":4229245946,"p":"3488.00","q":"8.405","X":"MARKET","m":false}}
2024-07-23T16:28:35.921960Z info 8081 {"stream":"ethusdt@trade","data":{"e":"trade","E":1721723315990,"T":1721723315989,"s":"ETHUSDT","t":4229245947,"p":"3488.00","q":"3.065","X":"MARKET","m":false}}
2024-07-23T16:28:35.922577Z info 8081 {"stream":"ethusdt@trade","data":{"e":"trade","E":1721723315990,"T":1721723315990,"s":"ETHUSDT","t":4229245948,"p":"3488.00","q":"0.251","X":"MARKET","m":false}}
2024-07-23T16:28:35.922608Z info 8081 {"stream":"ethusdt@trade","data":{"e":"trade","E":1721723315990,"T":1721723315990,"s":"ETHUSDT","t":4229245949,"p":"3488.00","q":"0.915","X":"MARKET","m":false}}
2024-07-23T16:28:35.922638Z info 8081 {"stream":"ethusdt@trade","data":{"e":"trade","E":1721723315990,"T":1721723315990,"s":"ETHUSDT","t":4229245950,"p":"3488.00","q":"0.813","X":"MARKET","m":false}}
2024-07-23T16:28:35.922669Z info 8081 {"stream":"ethusdt@trade","data":{"e":"trade","E":1721723315990,"T":1721723315990,"s":"ETHUSDT","t":4229245951,"p":"3488.00","q":"0.353","X":"MARKET","m":false}}
2024-07-23T16:28:35.922704Z info 8081 {"stream":"ethusdt@trade","data":{"e":"trade","E":1721723315990,"T":1721723315990,"s":"ETHUSDT","t":4229245952,"p":"3488.00","q":"0.221","X":"MARKET","m":false}}
2024-07-23T16:28:35.923857Z info 8081 {"stream":"ethusdt@trade","data":{"e":"trade","E":1721723315990,"T":1721723315990,"s":"ETHUSDT","t":4229245953,"p":"3488.00","q":"3.353","X":"MARKET","m":false}}
2024-07-23T16:28:35.923896Z info 8081 {"stream":"ethusdt@trade","data":{"e":"trade","E":1721723315990,"T":1721723315990,"s":"ETHUSDT","t":4229245954,"p":"3488.00","q":"0.286","X":"MARKET","m":false}}
2024-07-23T16:28:35.923928Z info 8081 {"stream":"ethusdt@trade","data":{"e":"trade","E":1721723315990,"T":1721723315990,"s":"ETHUSDT","t":4229245955,"p":"3488.00","q":"0.016","X":"MARKET","m":false}}
2024-07-23T16:28:35.923963Z info 8081 {"stream":"ethusdt@trade","data":{"e":"trade","E":1721723315990,"T":1721723315990,"s":"ETHUSDT","t":4229245956,"p":"3488.00","q":"0.570","X":"MARKET","m":false}}
2024-07-23T16:28:35.923984Z info 8081 {"stream":"ethusdt@trade","data":{"e":"trade","E":1721723315990,"T":1721723315990,"s":"ETHUSDT","t":4229245957,"p":"3488.00","q":"0.889","X":"MARKET","m":false}}
2024-07-23T16:28:35.923990Z info 8081 {"stream":"ethusdt@trade","data":{"e":"trade","E":1721723315991,"T":1721723315990,"s":"ETHUSDT","t":4229245958,"p":"3488.00","q":"1.383","X":"MARKET","m":false}}
2024-07-23T16:28:35.924010Z info 8081 {"stream":"ethusdt@trade","data":{"e":"trade","E":1721723315991,"T":1721723315990,"s":"ETHUSDT","t":4229245959,"p":"3488.00","q":"1.270","X":"MARKET","m":false}}
2024-07-23T16:28:35.924031Z info 8081 {"stream":"ethusdt@trade","data":{"e":"trade","E":1721723315991,"T":1721723315990,"s":"ETHUSDT","t":4229245960,"p":"3488.00","q":"0.422","X":"MARKET","m":false}}
2024-07-23T16:28:35.924052Z info 8081 {"stream":"ethusdt@trade","data":{"e":"trade","E":1721723315991,"T":1721723315990,"s":"ETHUSDT","t":4229245961,"p":"3488.00","q":"0.191","X":"MARKET","m":false}}
2024-07-23T16:28:35.924058Z info 8081 {"stream":"ethusdt@trade","data":{"e":"trade","E":1721723315991,"T":1721723315990,"s":"ETHUSDT","t":4229245962,"p":"3488.00","q":"0.335","X":"MARKET","m":false}}
2024-07-23T16:28:35.924339Z info 8081 {"stream":"ethusdt@trade","data":{"e":"trade","E":1721723315991,"T":1721723315991,"s":"ETHUSDT","t":4229245963,"p":"3488.00","q":"5.456","X":"MARKET","m":false}}
2024-07-23T16:28:35.926368Z info 8081 {"stream":"ethusdt@trade","data":{"e":"trade","E":1721723315991,"T":1721723315991,"s":"ETHUSDT","t":4229245964,"p":"3488.00","q":"1.768","X":"MARKET","m":false}}
2024-07-23T16:28:35.926411Z info 8081 {"stream":"ethusdt@trade","data":{"e":"trade","E":1721723315991,"T":1721723315991,"s":"ETHUSDT","t":4229245965,"p":"3488.00","q":"1.231","X":"MARKET","m":false}}
2024-07-23T16:28:35.926440Z info 8081 {"stream":"ethusdt@trade","data":{"e":"trade","E":1721723315992,"T":1721723315991,"s":"ETHUSDT","t":4229245966,"p":"3488.00","q":"1.726","X":"MARKET","m":false}}
2024-07-23T16:28:35.926478Z info 8081 {"stream":"ethusdt@trade","data":{"e":"trade","E":1721723315992,"T":1721723315991,"s":"ETHUSDT","t":4229245967,"p":"3488.00","q":"0.441","X":"MARKET","m":false}}
2024-07-23T16:28:35.927173Z info 8081 {"stream":"ethusdt@trade","data":{"e":"trade","E":1721723315992,"T":1721723315992,"s":"ETHUSDT","t":4229245968,"p":"3488.00","q":"2.320","X":"MARKET","m":false}}
2024-07-23T16:28:35.927208Z info 8081 {"stream":"ethusdt@trade","data":{"e":"trade","E":1721723315992,"T":1721723315992,"s":"ETHUSDT","t":4229245969,"p":"3488.00","q":"0.380","X":"MARKET","m":false}}
2024-07-23T16:28:35.927244Z info 8081 {"stream":"ethusdt@trade","data":{"e":"trade","E":1721723315992,"T":1721723315992,"s":"ETHUSDT","t":4229245970,"p":"3488.00","q":"0.490","X":"MARKET","m":false}}
2024-07-23T16:28:35.927275Z info 8081 {"stream":"ethusdt@trade","data":{"e":"trade","E":1721723315992,"T":1721723315992,"s":"ETHUSDT","t":4229245971,"p":"3488.00","q":"5.864","X":"MARKET","m":false}}
2024-07-23T16:28:35.927306Z info 8081 {"stream":"ethusdt@trade","data":{"e":"trade","E":1721723315992,"T":1721723315992,"s":"ETHUSDT","t":4229245972,"p":"3488.00","q":"1.501","X":"MARKET","m":false}}
2024-07-23T16:28:35.927336Z info 8081 {"stream":"ethusdt@trade","data":{"e":"trade","E":1721723315992,"T":1721723315992,"s":"ETHUSDT","t":4229245973,"p":"3488.00","q":"1.142","X":"MARKET","m":false}}
2024-07-23T16:28:35.927367Z info 8081 {"stream":"ethusdt@trade","data":{"e":"trade","E":1721723315992,"T":1721723315992,"s":"ETHUSDT","t":4229245974,"p":"3488.00","q":"1.220","X":"MARKET","m":false}}
2024-07-23T16:28:35.927398Z info 8081 {"stream":"ethusdt@trade","data":{"e":"trade","E":1721723315992,"T":1721723315992,"s":"ETHUSDT","t":4229245975,"p":"3488.00","q":"0.460","X":"MARKET","m":false}}
2024-07-23T16:28:35.927946Z info 8081 {"stream":"ethusdt@trade","data":{"e":"trade","E":1721723315992,"T":1721723315992,"s":"ETHUSDT","t":4229245976,"p":"3488.00","q":"2.115","X":"MARKET","m":false}}
2024-07-23T16:28:35.927981Z info 8081 {"stream":"ethusdt@trade","data":{"e":"trade","E":1721723315992,"T":1721723315992,"s":"ETHUSDT","t":4229245977,"p":"3488.00","q":"1.241","X":"MARKET","m":false}}
2024-07-23T16:28:35.929406Z info 8081 {"stream":"ethusdt@trade","data":{"e":"trade","E":1721723315995,"T":1721723315995,"s":"ETHUSDT","t":4229245978,"p":"3488.00","q":"1.346","X":"MARKET","m":false}}
2024-07-23T16:28:35.930856Z info 8081 {"stream":"ethusdt@trade","data":{"e":"trade","E":1721723315995,"T":1721723315995,"s":"ETHUSDT","t":4229245979,"p":"3488.00","q":"1.142","X":"MARKET","m":false}}
2024-07-23T16:28:35.936073Z info 8081 {"stream":"ethusdt@trade","data":{"e":"trade","E":1721723316001,"T":1721723316000,"s":"ETHUSDT","t":4229245980,"p":"3488.00","q":"3.096","X":"MARKET","m":false}}
2024-07-23T16:28:35.936108Z info 8081 {"stream":"ethusdt@trade","data":{"e":"trade","E":1721723316001,"T":1721723316000,"s":"ETHUSDT","t":4229245981,"p":"3488.00","q":"0.200","X":"MARKET","m":false}}
2024-07-23T16:28:35.936141Z info 8081 {"stream":"ethusdt@trade","data":{"e":"trade","E":1721723316001,"T":1721723316000,"s":"ETHUSDT","t":4229245982,"p":"3488.00","q":"1.372","X":"MARKET","m":false}}
2024-07-23T16:28:35.936172Z info 8081 {"stream":"ethusdt@trade","data":{"e":"trade","E":1721723316001,"T":1721723316000,"s":"ETHUSDT","t":4229245983,"p":"3488.00","q":"0.332","X":"MARKET","m":false}}
2024-07-23T16:28:35.939178Z info 8081 {"stream":"ethusdt@trade","data":{"e":"trade","E":1721723316008,"T":1721723316007,"s":"ETHUSDT","t":4229245984,"p":"3488.00","q":"0.017","X":"MARKET","m":false}}
2024-07-23T16:28:35.939215Z info 8081 {"stream":"ethusdt@trade","data":{"e":"trade","E":1721723316008,"T":1721723316007,"s":"ETHUSDT","t":4229245985,"p":"3488.00","q":"2.805","X":"MARKET","m":false}}
2024-07-23T16:28:35.942685Z info 8081 {"stream":"ethusdt@trade","data":{"e":"trade","E":1721723316013,"T":1721723316012,"s":"ETHUSDT","t":4229245986,"p":"3487.99","q":"0.172","X":"MARKET","m":true}}
2024-07-23T16:28:35.943943Z info 8081 {"stream":"ethusdt@trade","data":{"e":"trade","E":1721723316013,"T":1721723316013,"s":"ETHUSDT","t":4229245987,"p":"3488.00","q":"0.195","X":"MARKET","m":false}}
2024-07-23T16:28:35.943975Z info 8081 {"stream":"ethusdt@trade","data":{"e":"trade","E":1721723316013,"T":1721723316013,"s":"ETHUSDT","t":4229245988,"p":"3488.00","q":"0.114","X":"MARKET","m":false}}
2024-07-23T16:28:35.944007Z info 8081 {"stream":"ethusdt@trade","data":{"e":"trade","E":1721723316013,"T":1721723316013,"s":"ETHUSDT","t":4229245989,"p":"3488.00","q":"0.024","X":"MARKET","m":false}}
2024-07-23T16:28:35.944039Z info 8081 {"stream":"ethusdt@trade","data":{"e":"trade","E":1721723316013,"T":1721723316013,"s":"ETHUSDT","t":4229245990,"p":"3488.00","q":"0.100","X":"MARKET","m":false}}
2024-07-23T16:28:35.944071Z info 8081 {"stream":"ethusdt@trade","data":{"e":"trade","E":1721723316013,"T":1721723316013,"s":"ETHUSDT","t":4229245991,"p":"3488.00","q":"0.164","X":"MARKET","m":false}}
2024-07-23T16:28:35.944103Z info 8081 {"stream":"ethusdt@trade","data":{"e":"trade","E":1721723316013,"T":1721723316013,"s":"ETHUSDT","t":4229245992,"p":"3488.00","q":"0.090","X":"MARKET","m":false}}
2024-07-23T16:28:35.944134Z info 8081 {"stream":"ethusdt@trade","data":{"e":"trade","E":1721723316013,"T":1721723316013,"s":"ETHUSDT","t":4229245993,"p":"3488.00","q":"0.015","X":"MARKET","m":false}}
2024-07-23T16:28:35.944166Z info 8081 {"stream":"ethusdt@trade","data":{"e":"trade","E":1721723316013,"T":1721723316013,"s":"ETHUSDT","t":4229245994,"p":"3488.00","q":"0.205","X":"MARKET","m":false}}
2024-07-23T16:28:35.999900Z info 8081 {"stream":"ethusdt@trade","data":{"e":"trade","E":1721723316014,"T":1721723316014,"s":"ETHUSDT","t":4229245995,"p":"3488.00","q":"0.173","X":"MARKET","m":false}}
2024-07-23T16:28:35.999936Z info 8081 {"stream":"ethusdt@trade","data":{"e":"trade","E":1721723316014,"T":1721723316014,"s":"ETHUSDT","t":4229245996,"p":"3488.00","q":"0.257","X":"MARKET","m":false}}
2024-07-23T16:28:35.999975Z info 8081 {"stream":"ethusdt@trade","data":{"e":"trade","E":1721723316020,"T":1721723316020,"s":"ETHUSDT","t":4229245997,"p":"3488.00","q":"0.743","X":"MARKET","m":false}}
2024-07-23T16:28:35.999984Z info 8081 {"stream":"ethusdt@trade","data":{"e":"trade","E":1721723316020,"T":1721723316020,"s":"ETHUSDT","t":4229245998,"p":"3488.00","q":"0.422","X":"MARKET","m":false}}
2024-07-23T16:28:36.000004Z info 8081 {"stream":"ethusdt@trade","data":{"e":"trade","E":1721723316020,"T":1721723316020,"s":"ETHUSDT","t":4229245999,"p":"3488.00","q":"0.245","X":"MARKET","m":false}}
2024-07-23T16:28:36.000011Z info 8081 {"stream":"ethusdt@trade","data":{"e":"trade","E":1721723316020,"T":1721723316020,"s":"ETHUSDT","t":4229246000,"p":"3488.00","q":"0.098","X":"MARKET","m":false}}
2024-07-23T16:28:36.000016Z info 8081 {"stream":"ethusdt@trade","data":{"e":"trade","E":1721723316020,"T":1721723316020,"s":"ETHUSDT","t":4229246001,"p":"3488.00","q":"1.000","X":"MARKET","m":false}}
2024-07-23T16:28:36.000021Z info 8081 {"stream":"ethusdt@trade","data":{"e":"trade","E":1721723316020,"T":1721723316020,"s":"ETHUSDT","t":4229246002,"p":"3488.00","q":"0.500","X":"MARKET","m":false}}
2024-07-23T16:28:36.000026Z info 8081 {"stream":"ethusdt@trade","data":{"e":"trade","E":1721723316020,"T":1721723316020,"s":"ETHUSDT","t":4229246003,"p":"3488.00","q":"2.015","X":"MARKET","m":false}}
2024-07-23T16:28:36.000059Z info 8081 {"stream":"ethusdt@trade","data":{"e":"trade","E":1721723316021,"T":1721723316020,"s":"ETHUSDT","t":4229246004,"p":"3488.01","q":"0.010","X":"MARKET","m":false}}
2024-07-23T16:28:36.000080Z info 8081 {"stream":"ethusdt@trade","data":{"e":"trade","E":1721723316021,"T":1721723316020,"s":"ETHUSDT","t":4229246005,"p":"3488.01","q":"0.118","X":"MARKET","m":false}}
2024-07-23T16:28:36.000087Z info 8081 {"stream":"ethusdt@trade","data":{"e":"trade","E":1721723316021,"T":1721723316020,"s":"ETHUSDT","t":4229246006,"p":"3488.02","q":"0.007","X":"MARKET","m":false}}
2024-07-23T16:28:36.000093Z info 8081 {"stream":"ethusdt@trade","data":{"e":"trade","E":1721723316021,"T":1721723316020,"s":"ETHUSDT","t":4229246007,"p":"3488.02","q":"0.006","X":"MARKET","m":false}}
2024-07-23T16:28:36.000101Z info 8081 {"stream":"ethusdt@trade","data":{"e":"trade","E":1721723316021,"T":1721723316020,"s":"ETHUSDT","t":4229246008,"p":"3488.02","q":"0.087","X":"MARKET","m":false}}
2024-07-23T16:28:36.000107Z info 8081 {"stream":"ethusdt@trade","data":{"e":"trade","E":1721723316021,"T":1721723316021,"s":"ETHUSDT","t":4229246009,"p":"3488.02","q":"0.001","X":"MARKET","m":false}}
2024-07-23T16:28:36.000129Z info 8081 {"stream":"ethusdt@trade","data":{"e":"trade","E":1721723316021,"T":1721723316021,"s":"ETHUSDT","t":4229246010,"p":"3488.02","q":"0.020","X":"MARKET","m":false}}
2024-07-23T16:28:36.000136Z info 8081 {"stream":"ethusdt@trade","data":{"e":"trade","E":1721723316021,"T":1721723316021,"s":"ETHUSDT","t":4229246011,"p":"3488.02","q":"0.151","X":"MARKET","m":false}}
2024-07-23T16:28:36.000158Z info 8081 {"stream":"ethusdt@trade","data":{"e":"trade","E":1721723316021,"T":1721723316021,"s":"ETHUSDT","t":4229246012,"p":"3488.03","q":"0.324","X":"MARKET","m":false}}
2024-07-23T16:28:36.000165Z info 8081 {"stream":"ethusdt@trade","data":{"e":"trade","E":1721723316021,"T":1721723316021,"s":"ETHUSDT","t":4229246013,"p":"3488.04","q":"0.015","X":"MARKET","m":false}}
2024-07-23T16:28:36.000188Z info 8081 {"stream":"ethusdt@trade","data":{"e":"trade","E":1721723316021,"T":1721723316021,"s":"ETHUSDT","t":4229246014,"p":"3488.04","q":"0.131","X":"MARKET","m":false}}
2024-07-23T16:28:36.000195Z info 8081 {"stream":"ethusdt@trade","data":{"e":"trade","E":1721723316021,"T":1721723316021,"s":"ETHUSDT","t":4229246015,"p":"3488.04","q":"0.065","X":"MARKET","m":false}}
2024-07-23T16:28:36.000216Z info 8081 {"stream":"ethusdt@trade","data":{"e":"trade","E":1721723316021,"T":1721723316021,"s":"ETHUSDT","t":4229246016,"p":"3488.04","q":"0.059","X":"MARKET","m":false}}
2024-07-23T16:28:36.000248Z info 8081 {"stream":"ethusdt@trade","data":{"e":"trade","E":1721723316021,"T":1721723316021,"s":"ETHUSDT","t":4229246017,"p":"3488.04","q":"0.006","X":"MARKET","m":false}}
2024-07-23T16:28:36.000254Z info 8081 {"stream":"ethusdt@trade","data":{"e":"trade","E":1721723316021,"T":1721723316021,"s":"ETHUSDT","t":4229246018,"p":"3488.05","q":"0.080","X":"MARKET","m":false}}
2024-07-23T16:28:36.000259Z info 8081 {"stream":"ethusdt@trade","data":{"e":"trade","E":1721723316021,"T":1721723316021,"s":"ETHUSDT","t":4229246019,"p":"3488.06","q":"0.007","X":"MARKET","m":false}}
2024-07-23T16:28:36.000263Z info 8081 {"stream":"ethusdt@trade","data":{"e":"trade","E":1721723316021,"T":1721723316021,"s":"ETHUSDT","t":4229246020,"p":"3488.06","q":"0.076","X":"MARKET","m":false}}
2024-07-23T16:28:36.000268Z info 8081 {"stream":"ethusdt@trade","data":{"e":"trade","E":1721723316021,"T":1721723316021,"s":"ETHUSDT","t":4229246021,"p":"3488.06","q":"0.102","X":"MARKET","m":false}}
2024-07-23T16:28:36.000272Z info 8081 {"stream":"ethusdt@trade","data":{"e":"trade","E":1721723316021,"T":1721723316021,"s":"ETHUSDT","t":4229246022,"p":"3488.07","q":"0.025","X":"MARKET","m":false}}
2024-07-23T16:28:36.000276Z info 8081 {"stream":"ethusdt@trade","data":{"e":"trade","E":1721723316021,"T":1721723316021,"s":"ETHUSDT","t":4229246023,"p":"3488.07","q":"0.008","X":"MARKET","m":false}}
2024-07-23T16:28:36.000281Z info 8081 {"stream":"ethusdt@trade","data":{"e":"trade","E":1721723316021,"T":1721723316021,"s":"ETHUSDT","t":4229246024,"p":"3488.07","q":"0.052","X":"MARKET","m":false}}
2024-07-23T16:28:36.000285Z info 8081 {"stream":"ethusdt@trade","data":{"e":"trade","E":1721723316021,"T":1721723316021,"s":"ETHUSDT","t":4229246025,"p":"3488.08","q":"0.013","X":"MARKET","m":false}}
2024-07-23T16:28:36.000289Z info 8081 {"stream":"ethusdt@trade","data":{"e":"trade","E":1721723316021,"T":1721723316021,"s":"ETHUSDT","t":4229246026,"p":"3488.08","q":"0.002","X":"MARKET","m":false}}
2024-07-23T16:28:36.000297Z info 8081 {"stream":"ethusdt@trade","data":{"e":"trade","E":1721723316022,"T":1721723316021,"s":"ETHUSDT","t":4229246027,"p":"3488.08","q":"0.172","X":"MARKET","m":false}}
2024-07-23T16:28:36.000337Z info 8081 {"stream":"ethusdt@trade","data":{"e":"trade","E":1721723316022,"T":1721723316021,"s":"ETHUSDT","t":4229246028,"p":"3488.08","q":"0.219","X":"MARKET","m":false}}
2024-07-23T16:28:36.000358Z info 8081 {"stream":"ethusdt@trade","data":{"e":"trade","E":1721723316022,"T":1721723316021,"s":"ETHUSDT","t":4229246029,"p":"3488.08","q":"0.211","X":"MARKET","m":false}}
2024-07-23T16:28:36.000365Z info 8081 {"stream":"ethusdt@trade","data":{"e":"trade","E":1721723316022,"T":1721723316021,"s":"ETHUSDT","t":4229246030,"p":"3488.08","q":"0.430","X":"MARKET","m":false}}
2024-07-23T16:28:36.000370Z info 8081 {"stream":"ethusdt@trade","data":{"e":"trade","E":1721723316022,"T":1721723316021,"s":"ETHUSDT","t":4229246031,"p":"3488.08","q":"0.233","X":"MARKET","m":false}}
2024-07-23T16:28:36.000377Z info 8081 {"stream":"ethusdt@trade","data":{"e":"trade","E":1721723316022,"T":1721723316021,"s":"ETHUSDT","t":4229246032,"p":"3488.08","q":"0.197","X":"MARKET","m":false}}
2024-07-23T16:28:36.000408Z info 8081 {"stream":"ethusdt@trade","data":{"e":"trade","E":1721723316022,"T":1721723316021,"s":"ETHUSDT","t":4229246033,"p":"3488.08","q":"0.419","X":"MARKET","m":false}}
2024-07-23T16:28:36.000441Z info 8081 {"stream":"ethusdt@trade","data":{"e":"trade","E":1721723316022,"T":1721723316021,"s":"ETHUSDT","t":4229246034,"p":"3488.08","q":"0.011","X":"MARKET","m":false}}
2024-07-23T16:28:36.000470Z info 8081 {"stream":"ethusdt@trade","data":{"e":"trade","E":1721723316022,"T":1721723316021,"s":"ETHUSDT","t":4229246035,"p":"3488.08","q":"0.430","X":"MARKET","m":false}}
2024-07-23T16:28:36.000503Z info 8081 {"stream":"ethusdt@trade","data":{"e":"trade","E":1721723316022,"T":1721723316022,"s":"ETHUSDT","t":4229246036,"p":"3488.08","q":"0.257","X":"MARKET","m":false}}
2024-07-23T16:28:36.000534Z info 8081 {"stream":"ethusdt@trade","data":{"e":"trade","E":1721723316022,"T":1721723316022,"s":"ETHUSDT","t":4229246037,"p":"3488.08","q":"0.015","X":"MARKET","m":false}}
2024-07-23T16:28:36.000567Z info 8081 {"stream":"ethusdt@trade","data":{"e":"trade","E":1721723316022,"T":1721723316022,"s":"ETHUSDT","t":4229246038,"p":"3488.09","q":"0.047","X":"MARKET","m":false}}
2024-07-23T16:28:36.000588Z info 8081 {"stream":"ethusdt@trade","data":{"e":"trade","E":1721723316022,"T":1721723316022,"s":"ETHUSDT","t":4229246039,"p":"3488.09","q":"0.012","X":"MARKET","m":false}}
2024-07-23T16:28:36.000595Z info 8081 {"stream":"ethusdt@trade","data":{"e":"trade","E":1721723316022,"T":1721723316022,"s":"ETHUSDT","t":4229246040,"p":"3488.09","q":"0.148","X":"MARKET","m":false}}
2024-07-23T16:28:36.000615Z info 8081 {"stream":"ethusdt@trade","data":{"e":"trade","E":1721723316022,"T":1721723316022,"s":"ETHUSDT","t":4229246041,"p":"3488.10","q":"0.026","X":"MARKET","m":false}}
2024-07-23T16:28:36.000636Z info 8081 {"stream":"ethusdt@trade","data":{"e":"trade","E":1721723316022,"T":1721723316022,"s":"ETHUSDT","t":4229246042,"p":"3488.10","q":"0.188","X":"MARKET","m":false}}
2024-07-23T16:28:36.000657Z info 8081 {"stream":"ethusdt@trade","data":{"e":"trade","E":1721723316022,"T":1721723316022,"s":"ETHUSDT","t":4229246043,"p":"3488.12","q":"0.015","X":"MARKET","m":false}}
2024-07-23T16:28:36.000678Z info 8081 {"stream":"ethusdt@trade","data":{"e":"trade","E":1721723316022,"T":1721723316022,"s":"ETHUSDT","t":4229246044,"p":"3488.12","q":"0.002","X":"MARKET","m":false}}
2024-07-23T16:28:36.000713Z info 8081 {"stream":"ethusdt@trade","data":{"e":"trade","E":1721723316022,"T":1721723316022,"s":"ETHUSDT","t":4229246045,"p":"3488.12","q":"0.184","X":"MARKET","m":false}}
2024-07-23T16:28:36.000745Z info 8081 {"stream":"ethusdt@trade","data":{"e":"trade","E":1721723316022,"T":1721723316022,"s":"ETHUSDT","t":4229246046,"p":"3488.14","q":"0.008","X":"MARKET","m":false}}
2024-07-23T16:28:36.000777Z info 8081 {"stream":"ethusdt@trade","data":{"e":"trade","E":1721723316022,"T":1721723316022,"s":"ETHUSDT","t":4229246047,"p":"3488.14","q":"0.029","X":"MARKET","m":false}}
2024-07-23T16:28:36.000836Z info 8081 {"stream":"ethusdt@trade","data":{"e":"trade","E":1721723316022,"T":1721723316022,"s":"ETHUSDT","t":4229246048,"p":"3488.14","q":"0.192","X":"MARKET","m":false}}
2024-07-23T16:28:36.000869Z info 8081 {"stream":"ethusdt@trade","data":{"e":"trade","E":1721723316022,"T":1721723316022,"s":"ETHUSDT","t":4229246049,"p":"3488.14","q":"0.006","X":"MARKET","m":false}}
2024-07-23T16:28:36.000890Z info 8081 {"stream":"ethusdt@trade","data":{"e":"trade","E":1721723316022,"T":1721723316022,"s":"ETHUSDT","t":4229246050,"p":"3488.14","q":"0.096","X":"MARKET","m":false}}
2024-07-23T16:28:36.000898Z info 8081 {"stream":"ethusdt@trade","data":{"e":"trade","E":1721723316022,"T":1721723316022,"s":"ETHUSDT","t":4229246051,"p":"3488.15","q":"0.006","X":"MARKET","m":false}}
2024-07-23T16:28:36.000922Z info 8081 {"stream":"ethusdt@trade","data":{"e":"trade","E":1721723316022,"T":1721723316022,"s":"ETHUSDT","t":4229246052,"p":"3488.16","q":"0.036","X":"MARKET","m":false}}
2024-07-23T16:28:36.000944Z info 8081 {"stream":"ethusdt@trade","data":{"e":"trade","E":1721723316022,"T":1721723316022,"s":"ETHUSDT","t":4229246053,"p":"3488.16","q":"0.020","X":"MARKET","m":false}}
2024-07-23T16:28:36.000964Z info 8081 {"stream":"ethusdt@trade","data":{"e":"trade","E":1721723316022,"T":1721723316022,"s":"ETHUSDT","t":4229246054,"p":"3488.16","q":"0.043","X":"MARKET","m":false}}
2024-07-23T16:28:36.000986Z info 8081 {"stream":"ethusdt@trade","data":{"e":"trade","E":1721723316022,"T":1721723316022,"s":"ETHUSDT","t":4229246055,"p":"3488.16","q":"0.044","X":"MARKET","m":false}}
2024-07-23T16:28:36.001018Z info 8081 {"stream":"ethusdt@trade","data":{"e":"trade","E":1721723316022,"T":1721723316022,"s":"ETHUSDT","t":4229246056,"p":"3488.16","q":"0.064","X":"MARKET","m":false}}
2024-07-23T16:28:36.001050Z info 8081 {"stream":"ethusdt@trade","data":{"e":"trade","E":1721723316022,"T":1721723316022,"s":"ETHUSDT","t":4229246057,"p":"3488.16","q":"0.011","X":"MARKET","m":false}}
2024-07-23T16:28:36.001082Z info 8081 {"stream":"ethusdt@trade","data":{"e":"trade","E":1721723316022,"T":1721723316022,"s":"ETHUSDT","t":4229246058,"p":"3488.16","q":"0.033","X":"MARKET","m":false}}
2024-07-23T16:28:36.001103Z info 8081 {"stream":"ethusdt@trade","data":{"e":"trade","E":1721723316022,"T":1721723316022,"s":"ETHUSDT","t":4229246059,"p":"3488.16","q":"0.017","X":"MARKET","m":false}}
2024-07-23T16:28:36.001124Z info 8081 {"stream":"ethusdt@trade","data":{"e":"trade","E":1721723316022,"T":1721723316022,"s":"ETHUSDT","t":4229246060,"p":"3488.16","q":"0.014","X":"MARKET","m":false}}
2024-07-23T16:28:36.001145Z info 8081 {"stream":"ethusdt@trade","data":{"e":"trade","E":1721723316022,"T":1721723316022,"s":"ETHUSDT","t":4229246061,"p":"3488.16","q":"0.047","X":"MARKET","m":false}}
2024-07-23T16:28:36.001166Z info 8081 {"stream":"ethusdt@trade","data":{"e":"trade","E":1721723316022,"T":1721723316022,"s":"ETHUSDT","t":4229246062,"p":"3488.16","q":"0.035","X":"MARKET","m":false}}
2024-07-23T16:28:36.001188Z info 8081 {"stream":"ethusdt@trade","data":{"e":"trade","E":1721723316022,"T":1721723316022,"s":"ETHUSDT","t":4229246063,"p":"3488.16","q":"0.019","X":"MARKET","m":false}}
2024-07-23T16:28:36.001220Z info 8081 {"stream":"ethusdt@trade","data":{"e":"trade","E":1721723316022,"T":1721723316022,"s":"ETHUSDT","t":4229246064,"p":"3488.16","q":"0.015","X":"MARKET","m":false}}
2024-07-23T16:28:36.001252Z info 8081 {"stream":"ethusdt@trade","data":{"e":"trade","E":1721723316022,"T":1721723316022,"s":"ETHUSDT","t":4229246065,"p":"3488.17","q":"0.011","X":"MARKET","m":false}}
2024-07-23T16:28:36.001284Z info 8081 {"stream":"ethusdt@trade","data":{"e":"trade","E":1721723316022,"T":1721723316022,"s":"ETHUSDT","t":4229246066,"p":"3488.17","q":"0.030","X":"MARKET","m":false}}
2024-07-23T16:28:36.001316Z info 8081 {"stream":"ethusdt@trade","data":{"e":"trade","E":1721723316022,"T":1721723316022,"s":"ETHUSDT","t":4229246067,"p":"3488.17","q":"0.019","X":"MARKET","m":false}}
2024-07-23T16:28:36.001348Z info 8081 {"stream":"ethusdt@trade","data":{"e":"trade","E":1721723316022,"T":1721723316022,"s":"ETHUSDT","t":4229246068,"p":"3488.18","q":"0.045","X":"MARKET","m":false}}
2024-07-23T16:28:36.001380Z info 8081 {"stream":"ethusdt@trade","data":{"e":"trade","E":1721723316022,"T":1721723316022,"s":"ETHUSDT","t":4229246069,"p":"3488.18","q":"0.009","X":"MARKET","m":false}}
2024-07-23T16:28:36.001412Z info 8081 {"stream":"ethusdt@trade","data":{"e":"trade","E":1721723316022,"T":1721723316022,"s":"ETHUSDT","t":4229246070,"p":"3488.19","q":"0.397","X":"MARKET","m":false}}
2024-07-23T16:28:36.001444Z info 8081 {"stream":"ethusdt@trade","data":{"e":"trade","E":1721723316022,"T":1721723316022,"s":"ETHUSDT","t":4229246071,"p":"3488.19","q":"0.003","X":"MARKET","m":false}}
2024-07-23T16:28:36.001488Z info 8081 {"stream":"ethusdt@trade","data":{"e":"trade","E":1721723316023,"T":1721723316023,"s":"ETHUSDT","t":4229246072,"p":"3488.20","q":"0.015","X":"MARKET","m":false}}
2024-07-23T16:28:36.001520Z info 8081 {"stream":"ethusdt@trade","data":{"e":"trade","E":1721723316023,"T":1721723316023,"s":"ETHUSDT","t":4229246073,"p":"3488.21","q":"0.695","X":"MARKET","m":false}}
2024-07-23T16:28:36.001551Z info 8081 {"stream":"ethusdt@trade","data":{"e":"trade","E":1721723316023,"T":1721723316023,"s":"ETHUSDT","t":4229246074,"p":"3488.21","q":"0.203","X":"MARKET","m":false}}
2024-07-23T16:28:36.001582Z info 8081 {"stream":"ethusdt@trade","data":{"e":"trade","E":1721723316024,"T":1721723316023,"s":"ETHUSDT","t":4229246075,"p":"3488.23","q":"0.045","X":"MARKET","m":false}}
2024-07-23T16:28:36.001620Z info 8081 {"stream":"ethusdt@trade","data":{"e":"trade","E":1721723316024,"T":1721723316023,"s":"ETHUSDT","t":4229246076,"p":"3488.23","q":"0.007","X":"MARKET","m":false}}
2024-07-23T16:28:36.001651Z info 8081 {"stream":"ethusdt@trade","data":{"e":"trade","E":1721723316024,"T":1721723316023,"s":"ETHUSDT","t":4229246077,"p":"3488.23","q":"0.008","X":"MARKET","m":false}}
2024-07-23T16:28:36.001683Z info 8081 {"stream":"ethusdt@trade","data":{"e":"trade","E":1721723316024,"T":1721723316023,"s":"ETHUSDT","t":4229246078,"p":"3488.23","q":"0.058","X":"MARKET","m":false}}
2024-07-23T16:28:36.001714Z info 8081 {"stream":"ethusdt@trade","data":{"e":"trade","E":1721723316024,"T":1721723316023,"s":"ETHUSDT","t":4229246079,"p":"3488.24","q":"0.001","X":"MARKET","m":false}}
2024-07-23T16:28:36.001735Z info 8081 {"stream":"ethusdt@trade","data":{"e":"trade","E":1721723316024,"T":1721723316023,"s":"ETHUSDT","t":4229246080,"p":"3488.24","q":"0.079","X":"MARKET","m":false}}
2024-07-23T16:28:36.001757Z info 8081 {"stream":"ethusdt@trade","data":{"e":"trade","E":1721723316027,"T":1721723316027,"s":"ETHUSDT","t":4229246081,"p":"3488.24","q":"0.099","X":"MARKET","m":false}}
2024-07-23T16:28:36.001779Z info 8081 {"stream":"ethusdt@trade","data":{"e":"trade","E":1721723316027,"T":1721723316027,"s":"ETHUSDT","t":4229246082,"p":"3488.24","q":"0.006","X":"MARKET","m":false}}
2024-07-23T16:28:36.001800Z info 8081 {"stream":"ethusdt@trade","data":{"e":"trade","E":1721723316027,"T":1721723316027,"s":"ETHUSDT","t":4229246083,"p":"3488.24","q":"0.015","X":"MARKET","m":false}}
2024-07-23T16:28:36.001806Z info 8081 {"stream":"ethusdt@trade","data":{"e":"trade","E":1721723316027,"T":1721723316027,"s":"ETHUSDT","t":4229246084,"p":"3488.25","q":"0.310","X":"MARKET","m":false}}
2024-07-23T16:28:36.001815Z info 8081 {"stream":"ethusdt@trade","data":{"e":"trade","E":1721723316044,"T":1721723316044,"s":"ETHUSDT","t":4229246085,"p":"3488.26","q":"0.010","X":"MARKET","m":false}}
2024-07-23T16:28:36.001836Z info 8081 {"stream":"ethusdt@trade","data":{"e":"trade","E":1721723316044,"T":1721723316044,"s":"ETHUSDT","t":4229246086,"p":"3488.26","q":"0.002","X":"MARKET","m":false}}
2024-07-23T16:28:36.001868Z info 8081 {"stream":"ethusdt@trade","data":{"e":"trade","E":1721723316044,"T":1721723316044,"s":"ETHUSDT","t":4229246087,"p":"3488.26","q":"0.018","X":"MARKET","m":false}}
2024-07-23T16:28:36.001900Z info 8081 {"stream":"ethusdt@trade","data":{"e":"trade","E":1721723316044,"T":1721723316044,"s":"ETHUSDT","t":4229246088,"p":"3488.26","q":"0.010","X":"MARKET","m":false}}
2024-07-23T16:28:36.001932Z info 8081 {"stream":"ethusdt@trade","data":{"e":"trade","E":1721723316044,"T":1721723316044,"s":"ETHUSDT","t":4229246089,"p":"3488.26","q":"0.010","X":"MARKET","m":false}}
2024-07-23T16:28:36.001964Z info 8081 {"stream":"ethusdt@trade","data":{"e":"trade","E":1721723316044,"T":1721723316044,"s":"ETHUSDT","t":4229246090,"p":"3488.26","q":"0.010","X":"MARKET","m":false}}
2024-07-23T16:28:36.002000Z info 8081 {"stream":"ethusdt@trade","data":{"e":"trade","E":1721723316044,"T":1721723316044,"s":"ETHUSDT","t":4229246091,"p":"3488.26","q":"0.010","X":"MARKET","m":false}}
2024-07-23T16:28:36.002033Z info 8081 {"stream":"ethusdt@trade","data":{"e":"trade","E":1721723316044,"T":1721723316044,"s":"ETHUSDT","t":4229246092,"p":"3488.26","q":"0.010","X":"MARKET","m":false}}
2024-07-23T16:28:36.002065Z info 8081 {"stream":"ethusdt@trade","data":{"e":"trade","E":1721723316044,"T":1721723316044,"s":"ETHUSDT","t":4229246093,"p":"3488.26","q":"0.010","X":"MARKET","m":false}}
2024-07-23T16:28:36.002098Z info 8081 {"stream":"ethusdt@trade","data":{"e":"trade","E":1721723316044,"T":1721723316044,"s":"ETHUSDT","t":4229246094,"p":"3488.26","q":"0.001","X":"MARKET","m":false}}
2024-07-23T16:28:36.002130Z info 8081 {"stream":"ethusdt@trade","data":{"e":"trade","E":1721723316044,"T":1721723316044,"s":"ETHUSDT","t":4229246095,"p":"3488.26","q":"0.014","X":"MARKET","m":false}}
2024-07-23T16:28:36.002165Z info 8081 {"stream":"ethusdt@trade","data":{"e":"trade","E":1721723316048,"T":1721723316048,"s":"ETHUSDT","t":4229246096,"p":"3488.27","q":"0.430","X":"MARKET","m":false}}
2024-07-23T16:28:36.002198Z info 8081 {"stream":"ethusdt@trade","data":{"e":"trade","E":1721723316048,"T":1721723316048,"s":"ETHUSDT","t":4229246097,"p":"3488.27","q":"0.020","X":"MARKET","m":false}}
2024-07-23T16:28:36.002233Z info 8081 {"stream":"ethusdt@trade","data":{"e":"trade","E":1721723316052,"T":1721723316051,"s":"ETHUSDT","t":4229246098,"p":"3488.27","q":"0.767","X":"MARKET","m":false}}
2024-07-23T16:28:36.002269Z info 8081 {"stream":"ethusdt@trade","data":{"e":"trade","E":1721723316053,"T":1721723316052,"s":"ETHUSDT","t":4229246099,"p":"3488.27","q":"0.216","X":"MARKET","m":false}}
2024-07-23T16:28:36.002289Z info 8081 {"stream":"ethusdt@trade","data":{"e":"trade","E":1721723316053,"T":1721723316052,"s":"ETHUSDT","t":4229246100,"p":"3488.28","q":"0.063","X":"MARKET","m":false}}
2024-07-23T16:28:36.002296Z info 8081 {"stream":"ethusdt@trade","data":{"e":"trade","E":1721723316053,"T":1721723316052,"s":"ETHUSDT","t":4229246101,"p":"3488.28","q":"0.022","X":"MARKET","m":false}}
2024-07-23T16:28:36.002300Z info 8081 {"stream":"ethusdt@trade","data":{"e":"trade","E":1721723316053,"T":1721723316052,"s":"ETHUSDT","t":4229246102,"p":"3488.28","q":"0.007","X":"MARKET","m":false}}
2024-07-23T16:28:36.002305Z info 8081 {"stream":"ethusdt@trade","data":{"e":"trade","E":1721723316053,"T":1721723316052,"s":"ETHUSDT","t":4229246103,"p":"3488.28","q":"0.015","X":"MARKET","m":false}}
2024-07-23T16:28:36.002309Z info 8081 {"stream":"ethusdt@trade","data":{"e":"trade","E":1721723316053,"T":1721723316052,"s":"ETHUSDT","t":4229246104,"p":"3488.28","q":"0.058","X":"MARKET","m":false}}
2024-07-23T16:28:36.002314Z info 8081 {"stream":"ethusdt@trade","data":{"e":"trade","E":1721723316053,"T":1721723316052,"s":"ETHUSDT","t":4229246105,"p":"3488.31","q":"0.009","X":"MARKET","m":false}}
2024-07-23T16:28:36.002318Z info 8081 {"stream":"ethusdt@trade","data":{"e":"trade","E":1721723316053,"T":1721723316052,"s":"ETHUSDT","t":4229246106,"p":"3488.31","q":"0.011","X":"MARKET","m":false}}
2024-07-23T16:28:36.002322Z info 8081 {"stream":"ethusdt@trade","data":{"e":"trade","E":1721723316053,"T":1721723316052,"s":"ETHUSDT","t":4229246107,"p":"3488.28","q":"0.109","X":"MARKET","m":true}}
2024-07-23T16:28:36.002330Z info 8081 {"stream":"ethusdt@trade","data":{"e":"trade","E":1721723316053,"T":1721723316053,"s":"ETHUSDT","t":4229246108,"p":"3488.31","q":"0.500","X":"MARKET","m":false}}
2024-07-23T16:28:36.002335Z info 8081 {"stream":"ethusdt@trade","data":{"e":"trade","E":1721723316054,"T":1721723316053,"s":"ETHUSDT","t":4229246109,"p":"3488.31","q":"1.089","X":"MARKET","m":false}}
2024-07-23T16:28:36.002339Z info 8081 {"stream":"ethusdt@trade","data":{"e":"trade","E":1721723316054,"T":1721723316053,"s":"ETHUSDT","t":4229246110,"p":"3488.31","q":"0.800","X":"MARKET","m":false}}
2024-07-23T16:28:36.002344Z info 8081 {"stream":"ethusdt@trade","data":{"e":"trade","E":1721723316054,"T":1721723316053,"s":"ETHUSDT","t":4229246111,"p":"3488.32","q":"0.011","X":"MARKET","m":false}}
2024-07-23T16:28:36.002348Z info 8081 {"stream":"ethusdt@trade","data":{"e":"trade","E":1721723316054,"T":1721723316053,"s":"ETHUSDT","t":4229246112,"p":"3488.32","q":"0.014","X":"MARKET","m":false}}
2024-07-23T16:28:36.002352Z info 8081 {"stream":"ethusdt@trade","data":{"e":"trade","E":1721723316054,"T":1721723316053,"s":"ETHUSDT","t":4229246113,"p":"3488.32","q":"0.012","X":"MARKET","m":false}}
2024-07-23T16:28:36.002357Z info 8081 {"stream":"ethusdt@trade","data":{"e":"trade","E":1721723316054,"T":1721723316053,"s":"ETHUSDT","t":4229246114,"p":"3488.32","q":"0.009","X":"MARKET","m":false}}
2024-07-23T16:28:36.002361Z info 8081 {"stream":"ethusdt@trade","data":{"e":"trade","E":1721723316054,"T":1721723316053,"s":"ETHUSDT","t":4229246115,"p":"3488.32","q":"0.007","X":"MARKET","m":false}}
2024-07-23T16:28:36.002365Z info 8081 {"stream":"ethusdt@trade","data":{"e":"trade","E":1721723316054,"T":1721723316053,"s":"ETHUSDT","t":4229246116,"p":"3488.32","q":"0.011","X":"MARKET","m":false}}
2024-07-23T16:28:36.002370Z info 8081 {"stream":"ethusdt@trade","data":{"e":"trade","E":1721723316054,"T":1721723316053,"s":"ETHUSDT","t":4229246117,"p":"3488.32","q":"0.015","X":"MARKET","m":false}}
2024-07-23T16:28:36.002374Z info 8081 {"stream":"ethusdt@trade","data":{"e":"trade","E":1721723316054,"T":1721723316053,"s":"ETHUSDT","t":4229246118,"p":"3488.33","q":"0.023","X":"MARKET","m":false}}
2024-07-23T16:28:36.002379Z info 8081 {"stream":"ethusdt@trade","data":{"e":"trade","E":1721723316054,"T":1721723316053,"s":"ETHUSDT","t":4229246119,"p":"3488.33","q":"0.919","X":"MARKET","m":false}}
2024-07-23T16:28:36.002411Z info 8081 {"stream":"ethusdt@trade","data":{"e":"trade","E":1721723316054,"T":1721723316053,"s":"ETHUSDT","t":4229246120,"p":"3488.33","q":"0.020","X":"MARKET","m":false}}
2024-07-23T16:28:36.002436Z info 8081 {"stream":"ethusdt@trade","data":{"e":"trade","E":1721723316055,"T":1721723316055,"s":"ETHUSDT","t":4229246121,"p":"3488.33","q":"0.064","X":"MARKET","m":false}}
2024-07-23T16:28:36.002457Z info 8081 {"stream":"ethusdt@trade","data":{"e":"trade","E":1721723316055,"T":1721723316055,"s":"ETHUSDT","t":4229246122,"p":"3488.33","q":"0.006","X":"MARKET","m":false}}
2024-07-23T16:28:36.002479Z info 8081 {"stream":"ethusdt@trade","data":{"e":"trade","E":1721723316055,"T":1721723316055,"s":"ETHUSDT","t":4229246123,"p":"3488.33","q":"0.058","X":"MARKET","m":false}}
2024-07-23T16:28:36.002500Z info 8081 {"stream":"ethusdt@trade","data":{"e":"trade","E":1721723316055,"T":1721723316055,"s":"ETHUSDT","t":4229246124,"p":"3488.33","q":"0.057","X":"MARKET","m":false}}
2024-07-23T16:28:36.002532Z info 8081 {"stream":"ethusdt@trade","data":{"e":"trade","E":1721723316055,"T":1721723316055,"s":"ETHUSDT","t":4229246125,"p":"3488.34","q":"0.009","X":"MARKET","m":false}}
2024-07-23T16:28:36.002564Z info 8081 {"stream":"ethusdt@trade","data":{"e":"trade","E":1721723316055,"T":1721723316055,"s":"ETHUSDT","t":4229246126,"p":"3488.36","q":"0.006","X":"MARKET","m":false}}
