2024-07-23T16:32:10.713190Z info 8174 {"stream":"ethusdt@trade","data":{"e":"trade","E":1721723530774,"T":1721723530774,"s":"ETHUSDT","t":4229296411,"p":"3510.79","q":"0.006","X":"MARKET","m":true}}
2024-07-23T16:32:10.715090Z info 8174 {"stream":"ethusdt@trade","data":{"e":"trade","E":1721723530777,"T":1721723530777,"s":"ETHUSDT","t":4229296412,"p":"3510.80","q":"0.007","X":"MARKET","m":false}}
2024-07-23T16:32:10.717925Z info 8174 {"stream":"ethusdt@trade","data":{"e":"trade","E":1721723530780,"T":1721723530780,"s":"ETHUSDT","t":4229296413,"p":"3510.79","q":"0.257","X":"MARKET","m":true}}
2024-07-23T16:32:10.717967Z info 8174 {"stream":"ethusdt@trade","data":{"e":"trade","E":1721723530780,"T":1721723530780,"s":"ETHUSDT","t":4229296414,"p":"3510.79","q":"0.033","X":"MARKET","m":true}}
2024-07-23T16:32:10.725046Z info 8174 {"stream":"ethusdt@trade","data":{"e":"trade","E":1721723530786,"T":1721723530786,"s":"ETHUSDT","t":4229296415,"p":"3510.80","q":"0.007","X":"MARKET","m":false}}
2024-07-23T16:32:10.727092Z info 8174 {"stream":"ethusdt@trade","data":{"e":"trade","E":1721723530787,"T":1721723530787,"s":"ETHUSDT","t":4229296416,"p":"3510.79","q":"0.216","X":"MARKET","m":true}}
2024-07-23T16:32:10.728798Z info 8174 {"stream":"ethusdt@trade","data":{"e":"trade","E":1721723530790,"T":1721723530789,"s":"ETHUSDT","t":4229296417,"p":"3510.80","q":"0.007","X":"MARKET","m":false}}
2024-07-23T16:32:10.743512Z info 8174 {"stream":"ethusdt@trade","data":{"e":"trade","E":1721723530805,"T":1721723530804,"s":"ETHUSDT","t":4229296418,"p":"3510.79","q":"0.200","X":"MARKET","m":true}}
2024-07-23T16:32:10.746575Z info 8174 {"stream":"ethusdt@trade","data":{"e":"trade","E":1721723530808,"T":1721723530808,"s":"ETHUSDT","t":4229296419,"p":"3510.79","q":"0.012","X":"MARKET","m":true}}
2024-07-23T16:32:10.806552Z info 8174 {"stream":"ethusdt@trade","data":{"e":"trade","E":1721723530868,"T":1721723530868,"s":"ETHUSDT","t":4229296420,"p":"3510.79","q":"0.920","X":"MARKET","m":true}}
2024-07-23T16:32:10.821800Z info 8174 {"stream":"ethusdt@trade","data":{"e":"trade","E":1721723530883,"T":1721723530883,"s":"ETHUSDT","t":4229296421,"p":"3510.80","q":"0.367","X":"MARKET","m":false}}
2024-07-23T16:32:10.826189Z info 8174 {"stream":"xrpusdt@trade","data":{"e":"trade","E":1721723530887,"T":1721723530887,"s":"XRPUSDT","t":1535426563,"p":"0.5995","q":"462.7","X":"MARKET","m":false}}
2024-07-23T16:32:10.826228Z info 8174 {"stream":"xrpusdt@trade","data":{"e":"trade","E":1721723530887,"T":1721723530887,"s":"XRPUSDT","t":1535426564,"p":"0.5995","q":"4500.0","X":"MARKET","m":false}}
2024-07-23T16:32:10.826251Z info 8174 {"stream":"xrpusdt@trade","data":{"e":"trade","E":1721723530887,"T":1721723530887,"s":"XRPUSDT","t":1535426565,"p":"0.5995","q":"3009.4","X":"MARKET","m":false}}
2024-07-23T16:32:10.826291Z info 8174 {"stream":"xrpusdt@trade","data":{"e":"trade","E":1721723530887,"T":1721723530887,"s":"XRPUSDT","t":1535426566,"p":"0.5995","q":"140.6","X":"MARKET","m":false}}
2024-07-23T16:32:10.826323Z info 8174 {"stream":"xrpusdt@trade","data":{"e":"trade","E":1721723530887,"T":1721723530887,"s":"XRPUSDT","t":1535426567,"p":"0.5995","q":"140.6","X":"MARKET","m":false}}
2024-07-23T16:32:10.826355Z info 8174 {"stream":"xrpusdt@trade","data":{"e":"trade","E":1721723530887,"T":1721723530887,"s":"XRPUSDT","t":1535426568,"p":"0.5995","q":"32.1","X":"MARKET","m":false}}
2024-07-23T16:32:10.826386Z info 8174 {"stream":"xrpusdt@trade","data":{"e":"trade","E":1721723530887,"T":1721723530887,"s":"XRPUSDT","t":1535426569,"p":"0.5995","q":"10.1","X":"MARKET","m":false}}
2024-07-23T16:32:10.826417Z info 8174 {"stream":"xrpusdt@trade","data":{"e":"trade","E":1721723530887,"T":1721723530887,"s":"XRPUSDT","t":1535426570,"p":"0.5995","q":"8.4","X":"MARKET","m":false}}
2024-07-23T16:32:10.826463Z info 8174 {"stream":"xrpusdt@trade","data":{"e":"trade","E":1721723530887,"T":1721723530887,"s":"XRPUSDT","t":1535426571,"p":"0.5995","q":"4276.5","X":"MARKET","m":false}}
2024-07-23T16:32:10.826493Z info 8174 {"stream":"xrpusdt@trade","data":{"e":"trade","E":1721723530887,"T":1721723530887,"s":"XRPUSDT","t":1535426572,"p":"0.5995","q":"3457.1","X":"MARKET","m":false}}
2024-07-23T16:32:10.826499Z info 8174 {"stream":"xrpusdt@trade","data":{"e":"trade","E":1721723530887,"T":1721723530887,"s":"XRPUSDT","t":1535426573,"p":"0.5995","q":"130.2","X":"MARKET","m":false}}
2024-07-23T16:32:10.826504Z info 8174 {"stream":"xrpusdt@trade","data":{"e":"trade","E":1721723530887,"T":1721723530887,"s":"XRPUSDT","t":1535426574,"p":"0.5995","q":"2224.4","X":"MARKET","m":false}}
2024-07-23T16:32:10.826508Z info 8174 {"stream":"xrpusdt@trade","data":{"e":"trade","E":1721723530887,"T":1721723530887,"s":"XRPUSDT","t":1535426575,"p":"0.5995","q":"1317.0","X":"MARKET","m":false}}
2024-07-23T16:32:10.826513Z info 8174 {"stream":"xrpusdt@trade","data":{"e":"trade","E":1721723530887,"T":1721723530887,"s":"XRPUSDT","t":1535426576,"p":"0.5995","q":"5.5","X":"MARKET","m":false}}
2024-07-23T16:32:10.857103Z info 8174 {"stream":"ethusdt@trade","data":{"e":"trade","E":1721723530918,"T":1721723530918,"s":"ETHUSDT","t":4229296422,"p":"3510.80","q":"0.578","X":"MARKET","m":false}}
2024-07-23T16:32:10.857141Z info 8174 {"stream":"ethusdt@trade","data":{"e":"trade","E":1721723530918,"T":1721723530918,"s":"ETHUSDT","t":4229296423,"p":"3510.80","q":"0.791","X":"MARKET","m":false}}
2024-07-23T16:32:10.857200Z info 8174 {"stream":"ethusdt@trade","data":{"e":"trade","E":1721723530918,"T":1721723530918,"s":"ETHUSDT","t":4229296424,"p":"3510.80","q":"0.791","X":"MARKET","m":false}}
2024-07-23T16:32:10.857239Z info 8174 {"stream":"ethusdt@trade","data":{"e":"trade","E":1721723530918,"T":1721723530918,"s":"ETHUSDT","t":4229296425,"p":"3510.80","q":"1.600","X":"MARKET","m":false}}
2024-07-23T16:32:10.857271Z info 8174 {"stream":"ethusdt@trade","data":{"e":"trade","E":1721723530918,"T":1721723530918,"s":"ETHUSDT","t":4229296426,"p":"3510.80","q":"0.800","X":"MARKET","m":false}}
2024-07-23T16:32:10.857303Z info 8174 {"stream":"ethusdt@trade","data":{"e":"trade","E":1721723530918,"T":1721723530918,"s":"ETHUSDT","t":4229296427,"p":"3510.80","q":"3.440","X":"MARKET","m":false}}
2024-07-23T16:32:10.862002Z info 8174 {"stream":"xrpusdt@trade","data":{"e":"trade","E":1721723530923,"T":1721723530923,"s":"XRPUSDT","t":1535426577,"p":"0.5994","q":"499.9","X":"MARKET","m":true}}
2024-07-23T16:32:10.862042Z info 8174 {"stream":"xrpusdt@trade","data":{"e":"trade","E":1721723530923,"T":1721723530923,"s":"XRPUSDT","t":1535426578,"p":"0.5994","q":"250.5","X":"MARKET","m":true}}
2024-07-23T16:32:10.862074Z info 8174 {"stream":"xrpusdt@trade","data":{"e":"trade","E":1721723530923,"T":1721723530923,"s":"XRPUSDT","t":1535426579,"p":"0.5994","q":"559.2","X":"MARKET","m":true}}
2024-07-23T16:32:10.898537Z info 8174 {"stream":"ethusdt@trade","data":{"e":"trade","E":1721723530959,"T":1721723530959,"s":"ETHUSDT","t":4229296428,"p":"3510.79","q":"2.105","X":"MARKET","m":true}}
2024-07-23T16:32:10.911279Z info 8174 {"stream":"ethusdt@trade","data":{"e":"trade","E":1721723530971,"T":1721723530971,"s":"ETHUSDT","t":4229296429,"p":"3510.80","q":"0.800","X":"MARKET","m":false}}
2024-07-23T16:32:10.911320Z info 8174 {"stream":"ethusdt@trade","data":{"e":"trade","E":1721723530971,"T":1721723530971,"s":"ETHUSDT","t":4229296430,"p":"3510.80","q":"0.400","X":"MARKET","m":false}}
2024-07-23T16:32:10.911328Z info 8174 {"stream":"ethusdt@trade","data":{"e":"trade","E":1721723530971,"T":1721723530971,"s":"ETHUSDT","t":4229296431,"p":"3510.80","q":"1.600","X":"MARKET","m":false}}
2024-07-23T16:32:10.911358Z info 8174 {"stream":"ethusdt@trade","data":{"e":"trade","E":1721723530971,"T":1721723530971,"s":"ETHUSDT","t":4229296432,"p":"3510.80","q":"2.006","X":"MARKET","m":false}}
2024-07-23T16:32:10.911380Z info 8174 {"stream":"ethusdt@trade","data":{"e":"trade","E":1721723530971,"T":1721723530971,"s":"ETHUSDT","t":4229296433,"p":"3510.80","q":"1.600","X":"MARKET","m":false}}
2024-07-23T16:32:10.911410Z info 8174 {"stream":"ethusdt@trade","data":{"e":"trade","E":1721723530971,"T":1721723530971,"s":"ETHUSDT","t":4229296434,"p":"3510.82","q":"0.366","X":"MARKET","m":false}}
2024-07-23T16:32:10.911442Z info 8174 {"stream":"ethusdt@trade","data":{"e":"trade","E":1721723530971,"T":1721723530971,"s":"ETHUSDT","t":4229296435,"p":"3510.82","q":"0.366","X":"MARKET","m":false}}
2024-07-23T16:32:10.911474Z info 8174 {"stream":"ethusdt@trade","data":{"e":"trade","E":1721723530972,"T":1721723530971,"s":"ETHUSDT","t":4229296436,"p":"3510.82","q":"0.366","X":"MARKET","m":false}}
2024-07-23T16:32:10.911483Z info 8174 {"stream":"ethusdt@trade","data":{"e":"trade","E":1721723530972,"T":1721723530971,"s":"ETHUSDT","t":4229296437,"p":"3510.82","q":"0.366","X":"MARKET","m":false}}
2024-07-23T16:32:10.911504Z info 8174 {"stream":"ethusdt@trade","data":{"e":"trade","E":1721723530972,"T":1721723530971,"s":"ETHUSDT","t":4229296438,"p":"3510.82","q":"0.366","X":"MARKET","m":false}}
2024-07-23T16:32:10.911525Z info 8174 {"stream":"ethusdt@trade","data":{"e":"trade","E":1721723530972,"T":1721723530971,"s":"ETHUSDT","t":4229296439,"p":"3510.82","q":"0.322","X":"MARKET","m":false}}
2024-07-23T16:32:10.911531Z info 8174 {"stream":"ethusdt@trade","data":{"e":"trade","E":1721723530972,"T":1721723530971,"s":"ETHUSDT","t":4229296440,"p":"3510.82","q":"0.020","X":"MARKET","m":false}}
2024-07-23T16:32:10.911989Z info 8174 {"stream":"ethusdt@trade","data":{"e":"trade","E":1721723530973,"T":1721723530973,"s":"ETHUSDT","t":4229296441,"p":"3510.82","q":"0.430","X":"MARKET","m":false}}
2024-07-23T16:32:10.915159Z info 8174 {"stream":"ethusdt@trade","data":{"e":"trade","E":1721723530976,"T":1721723530976,"s":"ETHUSDT","t":4229296442,"p":"3510.82","q":"1.061","X":"MARKET","m":false}}
2024-07-23T16:32:10.915195Z info 8174 {"stream":"ethusdt@trade","data":{"e":"trade","E":1721723530976,"T":1721723530976,"s":"ETHUSDT","t":4229296443,"p":"3510.82","q":"0.626","X":"MARKET","m":false}}
2024-07-23T16:32:10.915229Z info 8174 {"stream":"ethusdt@trade","data":{"e":"trade","E":1721723530976,"T":1721723530976,"s":"ETHUSDT","t":4229296444,"p":"3510.82","q":"0.626","X":"MARKET","m":false}}
2024-07-23T16:32:10.915260Z info 8174 {"stream":"ethusdt@trade","data":{"e":"trade","E":1721723530976,"T":1721723530976,"s":"ETHUSDT","t":4229296445,"p":"3510.82","q":"0.010","X":"MARKET","m":false}}
2024-07-23T16:32:10.915291Z info 8174 {"stream":"ethusdt@trade","data":{"e":"trade","E":1721723530976,"T":1721723530976,"s":"ETHUSDT","t":4229296446,"p":"3510.82","q":"0.007","X":"MARKET","m":false}}
2024-07-23T16:32:10.917477Z info 8174 {"stream":"ethusdt@trade","data":{"e":"trade","E":1721723530978,"T":1721723530978,"s":"ETHUSDT","t":4229296447,"p":"3510.86","q":"0.010","X":"MARKET","m":false}}
2024-07-23T16:32:10.917521Z info 8174 {"stream":"ethusdt@trade","data":{"e":"trade","E":1721723530978,"T":1721723530978,"s":"ETHUSDT","t":4229296448,"p":"3510.87","q":"0.355","X":"MARKET","m":false}}
2024-07-23T16:32:10.935916Z info 8174 {"stream":"ethusdt@trade","data":{"e":"trade","E":1721723530997,"T":1721723530997,"s":"ETHUSDT","t":4229296449,"p":"3510.87","q":"0.011","X":"MARKET","m":false}}
2024-07-23T16:32:10.935952Z info 8174 {"stream":"ethusdt@trade","data":{"e":"trade","E":1721723530997,"T":1721723530997,"s":"ETHUSDT","t":4229296450,"p":"3510.87","q":"0.366","X":"MARKET","m":false}}
2024-07-23T16:32:10.935985Z info 8174 {"stream":"ethusdt@trade","data":{"e":"trade","E":1721723530997,"T":1721723530997,"s":"ETHUSDT","t":4229296451,"p":"3510.87","q":"0.309","X":"MARKET","m":false}}
2024-07-23T16:32:10.936018Z info 8174 {"stream":"ethusdt@trade","data":{"e":"trade","E":1721723530997,"T":1721723530997,"s":"ETHUSDT","t":4229296452,"p":"3510.87","q":"0.007","X":"MARKET","m":false}}
2024-07-23T16:32:10.936050Z info 8174 {"stream":"ethusdt@trade","data":{"e":"trade","E":1721723530997,"T":1721723530997,"s":"ETHUSDT","t":4229296453,"p":"3510.87","q":"0.057","X":"MARKET","m":false}}
2024-07-23T16:32:10.949668Z info 8174 {"stream":"ethusdt@trade","data":{"e":"trade","E":1721723531011,"T":1721723531011,"s":"ETHUSDT","t":4229296454,"p":"3510.87","q":"0.626","X":"MARKET","m":false}}
2024-07-23T16:32:10.949703Z info 8174 {"stream":"ethusdt@trade","data":{"e":"trade","E":1721723531011,"T":1721723531011,"s":"ETHUSDT","t":4229296455,"p":"3510.87","q":"0.204","X":"MARKET","m":false}}
2024-07-23T16:32:10.953683Z info 8174 {"stream":"ethusdt@trade","data":{"e":"trade","E":1721723531014,"T":1721723531014,"s":"ETHUSDT","t":4229296456,"p":"3510.88","q":"0.006","X":"MARKET","m":false}}
2024-07-23T16:32:10.953723Z info 8174 {"stream":"ethusdt@trade","data":{"e":"trade","E":1721723531014,"T":1721723531014,"s":"ETHUSDT","t":4229296457,"p":"3510.89","q":"0.005","X":"MARKET","m":false}}
2024-07-23T16:32:10.953753Z info 8174 {"stream":"ethusdt@trade","data":{"e":"trade","E":1721723531014,"T":1721723531014,"s":"ETHUSDT","t":4229296458,"p":"3510.89","q":"0.001","X":"MARKET","m":false}}
2024-07-23T16:32:10.953784Z info 8174 {"stream":"ethusdt@trade","data":{"e":"trade","E":1721723531014,"T":1721723531014,"s":"ETHUSDT","t":4229296459,"p":"3510.90","q":"0.100","X":"MARKET","m":false}}
2024-07-23T16:32:10.958610Z info 8174 {"stream":"ethusdt@trade","data":{"e":"trade","E":1721723531020,"T":1721723531019,"s":"ETHUSDT","t":4229296460,"p":"3510.94","q":"0.054","X":"MARKET","m":false}}
2024-07-23T16:32:10.961438Z info 8174 {"stream":"xrpusdt@trade","data":{"e":"trade","E":1721723531022,"T":1721723531022,"s":"XRPUSDT","t":1535426580,"p":"0.5995","q":"328.2","X":"MARKET","m":false}}
2024-07-23T16:32:10.963996Z info 8174 {"stream":"ethusdt@trade","data":{"e":"trade","E":1721723531024,"T":1721723531024,"s":"ETHUSDT","t":4229296461,"p":"3510.94","q":"0.007","X":"MARKET","m":false}}
2024-07-23T16:32:10.964034Z info 8174 {"stream":"ethusdt@trade","data":{"e":"trade","E":1721723531024,"T":1721723531024,"s":"ETHUSDT","t":4229296462,"p":"3510.94","q":"0.200","X":"MARKET","m":false}}
2024-07-23T16:32:10.969961Z info 8174 {"stream":"ethusdt@trade","data":{"e":"trade","E":1721723531032,"T":1721723531031,"s":"ETHUSDT","t":4229296463,"p":"3510.93","q":"0.056","X":"MARKET","m":true}}
2024-07-23T16:32:11.027777Z info 8174 {"stream":"ethusdt@trade","data":{"e":"trade","E":1721723531089,"T":1721723531089,"s":"ETHUSDT","t":4229296464,"p":"3510.93","q":"0.144","X":"MARKET","m":true}}
2024-07-23T16:32:11.027821Z info 8174 {"stream":"ethusdt@trade","data":{"e":"trade","E":1721723531089,"T":1721723531089,"s":"ETHUSDT","t":4229296465,"p":"3510.93","q":"1.507","X":"MARKET","m":true}}
2024-07-23T16:32:11.034298Z info 8174 {"stream":"xrpusdt@trade","data":{"e":"trade","E":1721723531095,"T":1721723531095,"s":"XRPUSDT","t":1535426581,"p":"0.5995","q":"414.9","X":"MARKET","m":false}}
2024-07-23T16:32:11.072553Z info 8174 {"stream":"ethusdt@trade","data":{"e":"trade","E":1721723531134,"T":1721723531134,"s":"ETHUSDT","t":4229296466,"p":"3510.94","q":"0.085","X":"MARKET","m":false}}
2024-07-23T16:32:11.073999Z info 8174 {"stream":"ethusdt@trade","data":{"e":"trade","E":1721723531135,"T":1721723531135,"s":"ETHUSDT","t":4229296467,"p":"3510.94","q":"0.388","X":"MARKET","m":false}}
2024-07-23T16:32:11.074035Z info 8174 {"stream":"ethusdt@trade","data":{"e":"trade","E":1721723531135,"T":1721723531135,"s":"ETHUSDT","t":4229296468,"p":"3510.94","q":"0.200","X":"MARKET","m":false}}
2024-07-23T16:32:11.074065Z info 8174 {"stream":"ethusdt@trade","data":{"e":"trade","E":1721723531135,"T":1721723531135,"s":"ETHUSDT","t":4229296469,"p":"3510.94","q":"0.007","X":"MARKET","m":false}}
2024-07-23T16:32:11.074075Z info 8174 {"stream":"ethusdt@trade","data":{"e":"trade","E":1721723531135,"T":1721723531135,"s":"ETHUSDT","t":4229296470,"p":"3510.94","q":"0.019","X":"MARKET","m":false}}
2024-07-23T16:32:11.077300Z info 8174 {"stream":"ethusdt@trade","data":{"e":"trade","E":1721723531138,"T":1721723531138,"s":"ETHUSDT","t":4229296471,"p":"3510.94","q":"0.061","X":"MARKET","m":false}}
2024-07-23T16:32:11.077348Z info 8174 {"stream":"ethusdt@trade","data":{"e":"trade","E":1721723531138,"T":1721723531138,"s":"ETHUSDT","t":4229296472,"p":"3510.94","q":"0.489","X":"MARKET","m":false}}
2024-07-23T16:32:11.077381Z info 8174 {"stream":"ethusdt@trade","data":{"e":"trade","E":1721723531138,"T":1721723531138,"s":"ETHUSDT","t":4229296473,"p":"3510.94","q":"1.511","X":"MARKET","m":false}}
2024-07-23T16:32:11.077388Z info 8174 {"stream":"ethusdt@trade","data":{"e":"trade","E":1721723531138,"T":1721723531138,"s":"ETHUSDT","t":4229296474,"p":"3510.94","q":"0.263","X":"MARKET","m":false}}
2024-07-23T16:32:11.077421Z info 8174 {"stream":"ethusdt@trade","data":{"e":"trade","E":1721723531138,"T":1721723531138,"s":"ETHUSDT","t":4229296475,"p":"3510.94","q":"0.626","X":"MARKET","m":false}}
2024-07-23T16:32:11.077427Z info 8174 {"stream":"ethusdt@trade","data":{"e":"trade","E":1721723531138,"T":1721723531138,"s":"ETHUSDT","t":4229296476,"p":"3510.94","q":"0.200","X":"MARKET","m":false}}
2024-07-23T16:32:11.077447Z info 8174 {"stream":"ethusdt@trade","data":{"e":"trade","E":1721723531138,"T":1721723531138,"s":"ETHUSDT","t":4229296477,"p":"3510.95","q":"0.006","X":"MARKET","m":false}}
2024-07-23T16:32:11.077454Z info 8174 {"stream":"ethusdt@trade","data":{"e":"trade","E":1721723531138,"T":1721723531138,"s":"ETHUSDT","t":4229296478,"p":"3510.96","q":"0.006","X":"MARKET","m":false}}
2024-07-23T16:32:11.077460Z info 8174 {"stream":"ethusdt@trade","data":{"e":"trade","E":1721723531138,"T":1721723531138,"s":"ETHUSDT","t":4229296479,"p":"3510.99","q":"0.100","X":"MARKET","m":false}}
2024-07-23T16:32:11.077464Z info 8174 {"stream":"ethusdt@trade","data":{"e":"trade","E":1721723531138,"T":1721723531138,"s":"ETHUSDT","t":4229296480,"p":"3510.99","q":"0.400","X":"MARKET","m":false}}
2024-07-23T16:32:11.077468Z info 8174 {"stream":"ethusdt@trade","data":{"e":"trade","E":1721723531138,"T":1721723531138,"s":"ETHUSDT","t":4229296481,"p":"3510.99","q":"1.600","X":"MARKET","m":false}}
2024-07-23T16:32:11.077473Z info 8174 {"stream":"ethusdt@trade","data":{"e":"trade","E":1721723531138,"T":1721723531138,"s":"ETHUSDT","t":4229296482,"p":"3510.99","q":"0.800","X":"MARKET","m":false}}
2024-07-23T16:32:11.077477Z info 8174 {"stream":"ethusdt@trade","data":{"e":"trade","E":1721723531138,"T":1721723531138,"s":"ETHUSDT","t":4229296483,"p":"3511.05","q":"2.000","X":"MARKET","m":false}}
2024-07-23T16:32:11.077485Z info 8174 {"stream":"ethusdt@trade","data":{"e":"trade","E":1721723531138,"T":1721723531138,"s":"ETHUSDT","t":4229296484,"p":"3511.05","q":"1.600","X":"MARKET","m":false}}
2024-07-23T16:32:11.077490Z info 8174 {"stream":"ethusdt@trade","data":{"e":"trade","E":1721723531138,"T":1721723531138,"s":"ETHUSDT","t":4229296485,"p":"3511.06","q":"0.006","X":"MARKET","m":false}}
2024-07-23T16:32:11.077510Z info 8174 {"stream":"ethusdt@trade","data":{"e":"trade","E":1721723531138,"T":1721723531138,"s":"ETHUSDT","t":4229296486,"p":"3511.08","q":"0.007","X":"MARKET","m":false}}
2024-07-23T16:32:11.077517Z info 8174 {"stream":"ethusdt@trade","data":{"e":"trade","E":1721723531138,"T":1721723531138,"s":"ETHUSDT","t":4229296487,"p":"3511.10","q":"0.227","X":"MARKET","m":false}}
2024-07-23T16:32:11.077522Z info 8174 {"stream":"ethusdt@trade","data":{"e":"trade","E":1721723531138,"T":1721723531138,"s":"ETHUSDT","t":4229296488,"p":"3511.10","q":"0.203","X":"MARKET","m":false}}
2024-07-23T16:32:11.082842Z info 8174 {"stream":"ethusdt@trade","data":{"e":"trade","E":1721723531143,"T":1721723531142,"s":"ETHUSDT","t":4229296489,"p":"3511.11","q":"0.009","X":"MARKET","m":false}}
2024-07-23T16:32:11.082886Z info 8174 {"stream":"ethusdt@trade","data":{"e":"trade","E":1721723531143,"T":1721723531142,"s":"ETHUSDT","t":4229296490,"p":"3511.11","q":"0.007","X":"MARKET","m":false}}
2024-07-23T16:32:11.082918Z info 8174 {"stream":"ethusdt@trade","data":{"e":"trade","E":1721723531143,"T":1721723531142,"s":"ETHUSDT","t":4229296491,"p":"3511.15","q":"0.006","X":"MARKET","m":false}}
2024-07-23T16:32:11.082956Z info 8174 {"stream":"ethusdt@trade","data":{"e":"trade","E":1721723531143,"T":1721723531142,"s":"ETHUSDT","t":4229296492,"p":"3511.15","q":"0.307","X":"MARKET","m":false}}
2024-07-23T16:32:11.082986Z info 8174 {"stream":"ethusdt@trade","data":{"e":"trade","E":1721723531143,"T":1721723531143,"s":"ETHUSDT","t":4229296493,"p":"3511.15","q":"1.401","X":"MARKET","m":false}}
2024-07-23T16:32:11.083017Z info 8174 {"stream":"ethusdt@trade","data":{"e":"trade","E":1721723531143,"T":1721723531143,"s":"ETHUSDT","t":4229296494,"p":"3511.15","q":"0.427","X":"MARKET","m":false}}
2024-07-23T16:32:11.083053Z info 8174 {"stream":"ethusdt@trade","data":{"e":"trade","E":1721723531143,"T":1721723531143,"s":"ETHUSDT","t":4229296495,"p":"3511.17","q":"0.430","X":"MARKET","m":false}}
2024-07-23T16:32:11.083075Z info 8174 {"stream":"ethusdt@trade","data":{"e":"trade","E":1721723531143,"T":1721723531143,"s":"ETHUSDT","t":4229296496,"p":"3511.18","q":"0.006","X":"MARKET","m":false}}
2024-07-23T16:32:11.083084Z info 8174 {"stream":"ethusdt@trade","data":{"e":"trade","E":1721723531143,"T":1721723531143,"s":"ETHUSDT","t":4229296497,"p":"3511.21","q":"1.708","X":"MARKET","m":false}}
2024-07-23T16:32:11.083104Z info 8174 {"stream":"ethusdt@trade","data":{"e":"trade","E":1721723531143,"T":1721723531143,"s":"ETHUSDT","t":4229296498,"p":"3511.23","q":"1.708","X":"MARKET","m":false}}
2024-07-23T16:32:11.090132Z info 8174 {"stream":"ethusdt@trade","data":{"e":"trade","E":1721723531151,"T":1721723531151,"s":"ETHUSDT","t":4229296499,"p":"3511.23","q":"0.007","X":"MARKET","m":false}}
2024-07-23T16:32:11.090168Z info 8174 {"stream":"ethusdt@trade","data":{"e":"trade","E":1721723531151,"T":1721723531151,"s":"ETHUSDT","t":4229296500,"p":"3511.24","q":"0.193","X":"MARKET","m":false}}
2024-07-23T16:32:11.091489Z info 8174 {"stream":"ethusdt@trade","data":{"e":"trade","E":1721723531153,"T":1721723531153,"s":"ETHUSDT","t":4229296501,"p":"3511.23","q":"0.200","X":"MARKET","m":false}}
2024-07-23T16:32:11.093143Z info 8174 {"stream":"ethusdt@trade","data":{"e":"trade","E":1721723531154,"T":1721723531154,"s":"ETHUSDT","t":4229296502,"p":"3511.23","q":"0.052","X":"MARKET","m":false}}
2024-07-23T16:32:11.094314Z info 8174 {"stream":"ethusdt@trade","data":{"e":"trade","E":1721723531155,"T":1721723531155,"s":"ETHUSDT","t":4229296503,"p":"3511.23","q":"0.052","X":"MARKET","m":false}}
2024-07-23T16:32:11.109943Z info 8174 {"stream":"ethusdt@trade","data":{"e":"trade","E":1721723531171,"T":1721723531171,"s":"ETHUSDT","t":4229296504,"p":"3511.22","q":"0.073","X":"MARKET","m":true}}
2024-07-23T16:32:11.111752Z info 8174 {"stream":"ethusdt@trade","data":{"e":"trade","E":1721723531174,"T":1721723531173,"s":"ETHUSDT","t":4229296505,"p":"3511.23","q":"0.056","X":"MARKET","m":false}}
2024-07-23T16:32:11.162754Z info 8174 {"stream":"ethusdt@trade","data":{"e":"trade","E":1721723531224,"T":1721723531223,"s":"ETHUSDT","t":4229296506,"p":"3511.23","q":"0.006","X":"MARKET","m":false}}
2024-07-23T16:32:11.189876Z info 8174 {"stream":"ethusdt@trade","data":{"e":"trade","E":1721723531251,"T":1721723531251,"s":"ETHUSDT","t":4229296507,"p":"3511.22","q":"10.000","X":"MARKET","m":true}}
2024-07-23T16:32:11.232147Z info 8174 {"stream":"ethusdt@trade","data":{"e":"trade","E":1721723531293,"T":1721723531293,"s":"ETHUSDT","t":4229296508,"p":"3511.22","q":"0.007","X":"MARKET","m":true}}
2024-07-23T16:32:11.232187Z info 8174 {"stream":"ethusdt@trade","data":{"e":"trade","E":1721723531293,"T":1721723531293,"s":"ETHUSDT","t":4229296509,"p":"3511.22","q":"0.007","X":"MARKET","m":true}}
2024-07-23T16:32:11.232207Z info 8174 {"stream":"ethusdt@trade","data":{"e":"trade","E":1721723531293,"T":1721723531293,"s":"ETHUSDT","t":4229296510,"p":"3511.22","q":"0.312","X":"MARKET","m":true}}
2024-07-23T16:32:11.232226Z info 8174 {"stream":"ethusdt@trade","data":{"e":"trade","E":1721723531293,"T":1721723531293,"s":"ETHUSDT","t":4229296511,"p":"3511.22","q":"0.010","X":"MARKET","m":true}}
2024-07-23T16:32:11.232257Z info 8174 {"stream":"ethusdt@trade","data":{"e":"trade","E":1721723531293,"T":1721723531293,"s":"ETHUSDT","t":4229296512,"p":"3511.22","q":"2.292","X":"MARKET","m":true}}
2024-07-23T16:32:11.267734Z info 8174 {"stream":"ethusdt@trade","data":{"e":"trade","E":1721723531329,"T":1721723531329,"s":"ETHUSDT","t":4229296513,"p":"3511.22","q":"0.708","X":"MARKET","m":true}}
2024-07-23T16:32:11.267767Z info 8174 {"stream":"ethusdt@trade","data":{"e":"trade","E":1721723531329,"T":1721723531329,"s":"ETHUSDT","t":4229296514,"p":"3511.22","q":"0.292","X":"MARKET","m":true}}
2024-07-23T16:32:11.273277Z info 8174 {"stream":"ethusdt@trade","data":{"e":"trade","E":1721723531334,"T":1721723531334,"s":"ETHUSDT","t":4229296515,"p":"3511.23","q":"0.394","X":"MARKET","m":false}}
2024-07-23T16:32:11.273318Z info 8174 {"stream":"ethusdt@trade","data":{"e":"trade","E":1721723531334,"T":1721723531334,"s":"ETHUSDT","t":4229296516,"p":"3511.23","q":"0.036","X":"MARKET","m":false}}
2024-07-23T16:32:11.314948Z info 8174 {"stream":"ethusdt@trade","data":{"e":"trade","E":1721723531375,"T":1721723531375,"s":"ETHUSDT","t":4229296517,"p":"3511.22","q":"1.143","X":"MARKET","m":true}}
2024-07-23T16:32:11.317615Z info 8174 {"stream":"ethusdt@trade","data":{"e":"trade","E":1721723531379,"T":1721723531378,"s":"ETHUSDT","t":4229296518,"p":"3511.22","q":"4.287","X":"MARKET","m":true}}
2024-07-23T16:32:11.322685Z info 8174 {"stream":"ethusdt@trade","data":{"e":"trade","E":1721723531384,"T":1721723531383,"s":"ETHUSDT","t":4229296519,"p":"3511.22","q":"0.028","X":"MARKET","m":true}}
2024-07-23T16:32:11.328040Z info 8174 {"stream":"ethusdt@trade","data":{"e":"trade","E":1721723531390,"T":1721723531390,"s":"ETHUSDT","t":4229296520,"p":"3511.23","q":"0.035","X":"MARKET","m":false}}
2024-07-23T16:32:11.329864Z info 8174 {"stream":"ethusdt@trade","data":{"e":"trade","E":1721723531391,"T":1721723531391,"s":"ETHUSDT","t":4229296521,"p":"3511.23","q":"0.011","X":"MARKET","m":false}}
2024-07-23T16:32:11.338461Z info 8174 {"stream":"ethusdt@trade","data":{"e":"trade","E":1721723531399,"T":1721723531399,"s":"ETHUSDT","t":4229296522,"p":"3511.23","q":"0.007","X":"MARKET","m":false}}
2024-07-23T16:32:11.338497Z info 8174 {"stream":"ethusdt@trade","data":{"e":"trade","E":1721723531399,"T":1721723531399,"s":"ETHUSDT","t":4229296523,"p":"3511.23","q":"0.282","X":"MARKET","m":false}}
2024-07-23T16:32:11.368987Z info 8174 {"stream":"ethusdt@trade","data":{"e":"trade","E":1721723531431,"T":1721723531431,"s":"ETHUSDT","t":4229296524,"p":"3511.22","q":"0.880","X":"MARKET","m":true}}
2024-07-23T16:32:11.370803Z info 8174 {"stream":"ethusdt@trade","data":{"e":"trade","E":1721723531431,"T":1721723531431,"s":"ETHUSDT","t":4229296525,"p":"3511.22","q":"0.111","X":"MARKET","m":true}}
2024-07-23T16:32:11.370840Z info 8174 {"stream":"ethusdt@trade","data":{"e":"trade","E":1721723531431,"T":1721723531431,"s":"ETHUSDT","t":4229296526,"p":"3511.22","q":"0.346","X":"MARKET","m":true}}
2024-07-23T16:32:11.370875Z info 8174 {"stream":"ethusdt@trade","data":{"e":"trade","E":1721723531431,"T":1721723531431,"s":"ETHUSDT","t":4229296527,"p":"3511.22","q":"0.156","X":"MARKET","m":true}}
2024-07-23T16:32:11.370908Z info 8174 {"stream":"ethusdt@trade","data":{"e":"trade","E":1721723531431,"T":1721723531431,"s":"ETHUSDT","t":4229296528,"p":"3511.22","q":"0.574","X":"MARKET","m":true}}
2024-07-23T16:32:11.370929Z info 8174 {"stream":"ethusdt@trade","data":{"e":"trade","E":1721723531431,"T":1721723531431,"s":"ETHUSDT","t":4229296529,"p":"3511.22","q":"7.694","X":"MARKET","m":true}}
2024-07-23T16:32:11.370962Z info 8174 {"stream":"ethusdt@trade","data":{"e":"trade","E":1721723531431,"T":1721723531431,"s":"ETHUSDT","t":4229296530,"p":"3511.22","q":"0.632","X":"MARKET","m":true}}
2024-07-23T16:32:11.370995Z info 8174 {"stream":"ethusdt@trade","data":{"e":"trade","E":1721723531431,"T":1721723531431,"s":"ETHUSDT","t":4229296531,"p":"3511.22","q":"2.854","X":"MARKET","m":true}}
2024-07-23T16:32:11.371027Z info 8174 {"stream":"ethusdt@trade","data":{"e":"trade","E":1721723531431,"T":1721723531431,"s":"ETHUSDT","t":4229296532,"p":"3511.22","q":"0.010","X":"MARKET","m":true}}
2024-07-23T16:32:11.371059Z info 8174 {"stream":"ethusdt@trade","data":{"e":"trade","E":1721723531431,"T":1721723531431,"s":"ETHUSDT","t":4229296533,"p":"3511.18","q":"0.007","X":"MARKET","m":true}}
2024-07-23T16:32:11.371091Z info 8174 {"stream":"ethusdt@trade","data":{"e":"trade","E":1721723531431,"T":1721723531431,"s":"ETHUSDT","t":4229296534,"p":"3511.10","q":"2.320","X":"MARKET","m":true}}
2024-07-23T16:32:11.371122Z info 8174 {"stream":"ethusdt@trade","data":{"e":"trade","E":1721723531431,"T":1721723531431,"s":"ETHUSDT","t":4229296535,"p":"3511.05","q":"2.822","X":"MARKET","m":true}}
2024-07-23T16:32:11.371153Z info 8174 {"stream":"ethusdt@trade","data":{"e":"trade","E":1721723531431,"T":1721723531431,"s":"ETHUSDT","t":4229296536,"p":"3511.03","q":"0.006","X":"MARKET","m":true}}
2024-07-23T16:32:11.371175Z info 8174 {"stream":"ethusdt@trade","data":{"e":"trade","E":1721723531431,"T":1721723531431,"s":"ETHUSDT","t":4229296537,"p":"3511.00","q":"1.387","X":"MARKET","m":true}}
2024-07-23T16:32:11.371182Z info 8174 {"stream":"ethusdt@trade","data":{"e":"trade","E":1721723531431,"T":1721723531431,"s":"ETHUSDT","t":4229296538,"p":"3510.99","q":"0.584","X":"MARKET","m":true}}
2024-07-23T16:32:11.371203Z info 8174 {"stream":"ethusdt@trade","data":{"e":"trade","E":1721723531431,"T":1721723531431,"s":"ETHUSDT","t":4229296539,"p":"3510.93","q":"2.822","X":"MARKET","m":true}}
2024-07-23T16:32:11.371224Z info 8174 {"stream":"ethusdt@trade","data":{"e":"trade","E":1721723531431,"T":1721723531431,"s":"ETHUSDT","t":4229296540,"p":"3510.93","q":"1.369","X":"MARKET","m":true}}
2024-07-23T16:32:11.371245Z info 8174 {"stream":"ethusdt@trade","data":{"e":"trade","E":1721723531431,"T":1721723531431,"s":"ETHUSDT","t":4229296541,"p":"3510.93","q":"1.400","X":"MARKET","m":true}}
2024-07-23T16:32:11.371266Z info 8174 {"stream":"ethusdt@trade","data":{"e":"trade","E":1721723531431,"T":1721723531431,"s":"ETHUSDT","t":4229296542,"p":"3510.88","q":"2.320","X":"MARKET","m":true}}
2024-07-23T16:32:11.371272Z info 8174 {"stream":"ethusdt@trade","data":{"e":"trade","E":1721723531431,"T":1721723531431,"s":"ETHUSDT","t":4229296543,"p":"3510.87","q":"2.822","X":"MARKET","m":true}}
2024-07-23T16:32:11.371277Z info 8174 {"stream":"ethusdt@trade","data":{"e":"trade","E":1721723531431,"T":1721723531431,"s":"ETHUSDT","t":4229296544,"p":"3510.86","q":"0.097","X":"MARKET","m":true}}
2024-07-23T16:32:11.405374Z info 8174 {"stream":"ethusdt@trade","data":{"e":"trade","E":1721723531466,"T":1721723531466,"s":"ETHUSDT","t":4229296545,"p":"3510.87","q":"0.007","X":"MARKET","m":true}}
2024-07-23T16:32:11.408947Z info 8174 {"stream":"ethusdt@trade","data":{"e":"trade","E":1721723531470,"T":1721723531470,"s":"ETHUSDT","t":4229296546,"p":"3510.87","q":"0.007","X":"MARKET","m":true}}
2024-07-23T16:32:11.414461Z info 8174 {"stream":"ethusdt@trade","data":{"e":"trade","E":1721723531475,"T":1721723531475,"s":"ETHUSDT","t":4229296547,"p":"3510.87","q":"0.306","X":"MARKET","m":true}}
2024-07-23T16:32:11.420454Z info 8174 {"stream":"ethusdt@trade","data":{"e":"trade","E":1721723531482,"T":1721723531481,"s":"ETHUSDT","t":4229296548,"p":"3510.88","q":"0.204","X":"MARKET","m":false}}
2024-07-23T16:32:11.433139Z info 8174 {"stream":"ethusdt@trade","data":{"e":"trade","E":1721723531495,"T":1721723531494,"s":"ETHUSDT","t":4229296549,"p":"3510.87","q":"0.381","X":"MARKET","m":true}}
2024-07-23T16:32:11.433181Z info 8174 {"stream":"ethusdt@trade","data":{"e":"trade","E":1721723531495,"T":1721723531494,"s":"ETHUSDT","t":4229296550,"p":"3510.87","q":"0.007","X":"MARKET","m":true}}
2024-07-23T16:32:11.433189Z info 8174 {"stream":"ethusdt@trade","data":{"e":"trade","E":1721723531495,"T":1721723531495,"s":"ETHUSDT","t":4229296551,"p":"3510.87","q":"0.336","X":"MARKET","m":true}}
2024-07-23T16:32:11.450402Z info 8174 {"stream":"ethusdt@trade","data":{"e":"trade","E":1721723531512,"T":1721723531511,"s":"ETHUSDT","t":4229296552,"p":"3510.87","q":"5.664","X":"MARKET","m":true}}
2024-07-23T16:32:11.450439Z info 8174 {"stream":"ethusdt@trade","data":{"e":"trade","E":1721723531512,"T":1721723531511,"s":"ETHUSDT","t":4229296553,"p":"3510.87","q":"0.791","X":"MARKET","m":true}}
2024-07-23T16:32:11.450472Z info 8174 {"stream":"ethusdt@trade","data":{"e":"trade","E":1721723531512,"T":1721723531511,"s":"ETHUSDT","t":4229296554,"p":"3510.87","q":"5.512","X":"MARKET","m":true}}
2024-07-23T16:32:11.450504Z info 8174 {"stream":"ethusdt@trade","data":{"e":"trade","E":1721723531512,"T":1721723531511,"s":"ETHUSDT","t":4229296555,"p":"3510.87","q":"5.730","X":"MARKET","m":true}}
2024-07-23T16:32:11.450535Z info 8174 {"stream":"ethusdt@trade","data":{"e":"trade","E":1721723531512,"T":1721723531511,"s":"ETHUSDT","t":4229296556,"p":"3510.87","q":"0.791","X":"MARKET","m":true}}
2024-07-23T16:32:11.450566Z info 8174 {"stream":"ethusdt@trade","data":{"e":"trade","E":1721723531512,"T":1721723531511,"s":"ETHUSDT","t":4229296557,"p":"3510.87","q":"1.400","X":"MARKET","m":true}}
2024-07-23T16:32:11.450575Z info 8174 {"stream":"ethusdt@trade","data":{"e":"trade","E":1721723531512,"T":1721723531511,"s":"ETHUSDT","t":4229296558,"p":"3510.87","q":"7.187","X":"MARKET","m":true}}
2024-07-23T16:32:11.501242Z info 8174 {"stream":"ethusdt@trade","data":{"e":"trade","E":1721723531562,"T":1721723531562,"s":"ETHUSDT","t":4229296559,"p":"3510.88","q":"0.007","X":"MARKET","m":false}}
2024-07-23T16:32:11.501291Z info 8174 {"stream":"ethusdt@trade","data":{"e":"trade","E":1721723531562,"T":1721723531562,"s":"ETHUSDT","t":4229296560,"p":"3510.88","q":"0.004","X":"MARKET","m":false}}
2024-07-23T16:32:11.501327Z info 8174 {"stream":"ethusdt@trade","data":{"e":"trade","E":1721723531562,"T":1721723531562,"s":"ETHUSDT","t":4229296561,"p":"3510.88","q":"0.006","X":"MARKET","m":false}}
2024-07-23T16:32:11.501361Z info 8174 {"stream":"ethusdt@trade","data":{"e":"trade","E":1721723531562,"T":1721723531562,"s":"ETHUSDT","t":4229296562,"p":"3510.88","q":"0.005","X":"MARKET","m":false}}
2024-07-23T16:32:11.502341Z info 8174 {"stream":"ethusdt@trade","data":{"e":"trade","E":1721723531563,"T":1721723531562,"s":"ETHUSDT","t":4229296563,"p":"3510.88","q":"0.011","X":"MARKET","m":false}}
2024-07-23T16:32:11.502380Z info 8174 {"stream":"ethusdt@trade","data":{"e":"trade","E":1721723531563,"T":1721723531563,"s":"ETHUSDT","t":4229296564,"p":"3510.88","q":"0.011","X":"MARKET","m":false}}
2024-07-23T16:32:11.502435Z info 8174 {"stream":"ethusdt@trade","data":{"e":"trade","E":1721723531563,"T":1721723531563,"s":"ETHUSDT","t":4229296565,"p":"3510.88","q":"0.011","X":"MARKET","m":false}}
2024-07-23T16:32:11.502466Z info 8174 {"stream":"ethusdt@trade","data":{"e":"trade","E":1721723531563,"T":1721723531563,"s":"ETHUSDT","t":4229296566,"p":"3510.88","q":"0.011","X":"MARKET","m":false}}
2024-07-23T16:32:11.502498Z info 8174 {"stream":"ethusdt@trade","data":{"e":"trade","E":1721723531563,"T":1721723531563,"s":"ETHUSDT","t":4229296567,"p":"3510.88","q":"0.011","X":"MARKET","m":false}}
2024-07-23T16:32:11.502529Z info 8174 {"stream":"ethusdt@trade","data":{"e":"trade","E":1721723531563,"T":1721723531563,"s":"ETHUSDT","t":4229296568,"p":"3510.88","q":"0.011","X":"MARKET","m":false}}
2024-07-23T16:32:11.502560Z info 8174 {"stream":"ethusdt@trade","data":{"e":"trade","E":1721723531563,"T":1721723531563,"s":"ETHUSDT","t":4229296569,"p":"3510.88","q":"0.011","X":"MARKET","m":false}}
2024-07-23T16:32:11.502591Z info 8174 {"stream":"ethusdt@trade","data":{"e":"trade","E":1721723531563,"T":1721723531563,"s":"ETHUSDT","t":4229296570,"p":"3510.88","q":"0.011","X":"MARKET","m":false}}
2024-07-23T16:32:11.502623Z info 8174 {"stream":"ethusdt@trade","data":{"e":"trade","E":1721723531563,"T":1721723531563,"s":"ETHUSDT","t":4229296571,"p":"3510.88","q":"0.011","X":"MARKET","m":false}}
2024-07-23T16:32:11.502654Z info 8174 {"stream":"ethusdt@trade","data":{"e":"trade","E":1721723531563,"T":1721723531563,"s":"ETHUSDT","t":4229296572,"p":"3510.88","q":"0.011","X":"MARKET","m":false}}
2024-07-23T16:32:11.502685Z info 8174 {"stream":"ethusdt@trade","data":{"e":"trade","E":1721723531563,"T":1721723531563,"s":"ETHUSDT","t":4229296573,"p":"3510.88","q":"0.011","X":"MARKET","m":false}}
2024-07-23T16:32:11.502717Z info 8174 {"stream":"ethusdt@trade","data":{"e":"trade","E":1721723531563,"T":1721723531563,"s":"ETHUSDT","t":4229296574,"p":"3510.88","q":"0.011","X":"MARKET","m":false}}
2024-07-23T16:32:11.502749Z info 8174 {"stream":"ethusdt@trade","data":{"e":"trade","E":1721723531563,"T":1721723531563,"s":"ETHUSDT","t":4229296575,"p":"3510.88","q":"0.011","X":"MARKET","m":false}}
2024-07-23T16:32:11.502780Z info 8174 {"stream":"ethusdt@trade","data":{"e":"trade","E":1721723531563,"T":1721723531563,"s":"ETHUSDT","t":4229296576,"p":"3510.88","q":"0.011","X":"MARKET","m":false}}
2024-07-23T16:32:11.502811Z info 8174 {"stream":"ethusdt@trade","data":{"e":"trade","E":1721723531563,"T":1721723531563,"s":"ETHUSDT","t":4229296577,"p":"3510.88","q":"0.011","X":"MARKET","m":false}}
2024-07-23T16:32:11.502832Z info 8174 {"stream":"ethusdt@trade","data":{"e":"trade","E":1721723531563,"T":1721723531563,"s":"ETHUSDT","t":4229296578,"p":"3510.88","q":"0.011","X":"MARKET","m":false}}
2024-07-23T16:32:11.502838Z info 8174 {"stream":"ethusdt@trade","data":{"e":"trade","E":1721723531563,"T":1721723531563,"s":"ETHUSDT","t":4229296579,"p":"3510.88","q":"0.011","X":"MARKET","m":false}}
2024-07-23T16:32:11.502858Z info 8174 {"stream":"ethusdt@trade","data":{"e":"trade","E":1721723531563,"T":1721723531563,"s":"ETHUSDT","t":4229296580,"p":"3510.88","q":"0.011","X":"MARKET","m":false}}
2024-07-23T16:32:11.502879Z info 8174 {"stream":"ethusdt@trade","data":{"e":"trade","E":1721723531563,"T":1721723531563,"s":"ETHUSDT","t":4229296581,"p":"3510.88","q":"0.011","X":"MARKET","m":false}}
2024-07-23T16:32:11.502900Z info 8174 {"stream":"ethusdt@trade","data":{"e":"trade","E":1721723531563,"T":1721723531563,"s":"ETHUSDT","t":4229296582,"p":"3510.88","q":"0.011","X":"MARKET","m":false}}
2024-07-23T16:32:11.503548Z info 8174 {"stream":"ethusdt@trade","data":{"e":"trade","E":1721723531563,"T":1721723531563,"s":"ETHUSDT","t":4229296583,"p":"3510.88","q":"0.011","X":"MARKET","m":false}}
2024-07-23T16:32:11.503584Z info 8174 {"stream":"ethusdt@trade","data":{"e":"trade","E":1721723531563,"T":1721723531563,"s":"ETHUSDT","t":4229296584,"p":"3510.88","q":"0.011","X":"MARKET","m":false}}
2024-07-23T16:32:11.503617Z info 8174 {"stream":"ethusdt@trade","data":{"e":"trade","E":1721723531563,"T":1721723531563,"s":"ETHUSDT","t":4229296585,"p":"3510.88","q":"0.011","X":"MARKET","m":false}}
2024-07-23T16:32:11.503655Z info 8174 {"stream":"ethusdt@trade","data":{"e":"trade","E":1721723531564,"T":1721723531563,"s":"ETHUSDT","t":4229296586,"p":"3510.88","q":"0.011","X":"MARKET","m":false}}
2024-07-23T16:32:11.503677Z info 8174 {"stream":"ethusdt@trade","data":{"e":"trade","E":1721723531564,"T":1721723531563,"s":"ETHUSDT","t":4229296587,"p":"3510.88","q":"0.011","X":"MARKET","m":false}}
2024-07-23T16:32:11.509138Z info 8174 {"stream":"ethusdt@trade","data":{"e":"trade","E":1721723531571,"T":1721723531571,"s":"ETHUSDT","t":4229296588,"p":"3510.87","q":"0.007","X":"MARKET","m":true}}
2024-07-23T16:32:11.511282Z info 8174 {"stream":"ethusdt@trade","data":{"e":"trade","E":1721723531573,"T":1721723531573,"s":"ETHUSDT","t":4229296589,"p":"3510.87","q":"0.007","X":"MARKET","m":true}}
2024-07-23T16:32:11.533795Z info 8174 {"stream":"ethusdt@trade","data":{"e":"trade","E":1721723531595,"T":1721723531595,"s":"ETHUSDT","t":4229296590,"p":"3510.88","q":"0.010","X":"MARKET","m":false}}
2024-07-23T16:32:11.533836Z info 8174 {"stream":"ethusdt@trade","data":{"e":"trade","E":1721723531595,"T":1721723531595,"s":"ETHUSDT","t":4229296591,"p":"3510.99","q":"0.010","X":"MARKET","m":false}}
2024-07-23T16:32:11.533858Z info 8174 {"stream":"ethusdt@trade","data":{"e":"trade","E":1721723531595,"T":1721723531595,"s":"ETHUSDT","t":4229296592,"p":"3510.99","q":"0.090","X":"MARKET","m":false}}
2024-07-23T16:32:11.533895Z info 8174 {"stream":"ethusdt@trade","data":{"e":"trade","E":1721723531595,"T":1721723531595,"s":"ETHUSDT","t":4229296593,"p":"3511.01","q":"0.229","X":"MARKET","m":false}}
2024-07-23T16:32:11.536939Z info 8174 {"stream":"ethusdt@trade","data":{"e":"trade","E":1721723531598,"T":1721723531598,"s":"ETHUSDT","t":4229296594,"p":"3511.10","q":"0.006","X":"MARKET","m":true}}
2024-07-23T16:32:11.548934Z info 8174 {"stream":"xrpusdt@trade","data":{"e":"trade","E":1721723531609,"T":1721723531608,"s":"XRPUSDT","t":1535426582,"p":"0.5994","q":"100.5","X":"MARKET","m":true}}
2024-07-23T16:32:11.560179Z info 8174 {"stream":"ethusdt@trade","data":{"e":"trade","E":1721723531621,"T":1721723531621,"s":"ETHUSDT","t":4229296595,"p":"3511.10","q":"0.200","X":"MARKET","m":true}}
2024-07-23T16:32:11.568283Z info 8174 {"stream":"ethusdt@trade","data":{"e":"trade","E":1721723531630,"T":1721723531630,"s":"ETHUSDT","t":4229296596,"p":"3511.11","q":"0.007","X":"MARKET","m":false}}
2024-07-23T16:32:11.568318Z info 8174 {"stream":"ethusdt@trade","data":{"e":"trade","E":1721723531630,"T":1721723531630,"s":"ETHUSDT","t":4229296597,"p":"3511.11","q":"0.030","X":"MARKET","m":false}}
2024-07-23T16:32:11.576185Z info 8174 {"stream":"ethusdt@trade","data":{"e":"trade","E":1721723531638,"T":1721723531638,"s":"ETHUSDT","t":4229296598,"p":"3511.10","q":"0.030","X":"MARKET","m":true}}
2024-07-23T16:32:11.594111Z info 8174 {"stream":"ethusdt@trade","data":{"e":"trade","E":1721723531655,"T":1721723531655,"s":"ETHUSDT","t":4229296599,"p":"3511.10","q":"0.004","X":"MARKET","m":true}}
2024-07-23T16:32:11.615139Z info 8174 {"stream":"ethusdt@trade","data":{"e":"trade","E":1721723531676,"T":1721723531676,"s":"ETHUSDT","t":4229296600,"p":"3511.10","q":"0.250","X":"MARKET","m":true}}
2024-07-23T16:32:11.615825Z info 8174 {"stream":"ethusdt@trade","data":{"e":"trade","E":1721723531677,"T":1721723531677,"s":"ETHUSDT","t":4229296601,"p":"3511.11","q":"0.028","X":"MARKET","m":false}}
2024-07-23T16:32:11.634233Z info 8174 {"stream":"ethusdt@trade","data":{"e":"trade","E":1721723531696,"T":1721723531696,"s":"ETHUSDT","t":4229296602,"p":"3511.11","q":"0.372","X":"MARKET","m":false}}
2024-07-23T16:32:11.634278Z info 8174 {"stream":"ethusdt@trade","data":{"e":"trade","E":1721723531696,"T":1721723531696,"s":"ETHUSDT","t":4229296603,"p":"3511.11","q":"0.058","X":"MARKET","m":false}}
2024-07-23T16:32:11.701926Z info 8174 {"stream":"ethusdt@trade","data":{"e":"trade","E":1721723531763,"T":1721723531763,"s":"ETHUSDT","t":4229296604,"p":"3511.10","q":"0.011","X":"MARKET","m":true}}
2024-07-23T16:32:11.703258Z info 8174 {"stream":"ethusdt@trade","data":{"e":"trade","E":1721723531765,"T":1721723531764,"s":"ETHUSDT","t":4229296605,"p":"3511.10","q":"0.007","X":"MARKET","m":true}}
2024-07-23T16:32:11.720741Z info 8174 {"stream":"ethusdt@trade","data":{"e":"trade","E":1721723531783,"T":1721723531783,"s":"ETHUSDT","t":4229296606,"p":"3511.11","q":"1.600","X":"MARKET","m":false}}
2024-07-23T16:32:11.722396Z info 8174 {"stream":"ethusdt@trade","data":{"e":"trade","E":1721723531783,"T":1721723531783,"s":"ETHUSDT","t":4229296607,"p":"3511.11","q":"0.200","X":"MARKET","m":false}}
2024-07-23T16:32:11.722451Z info 8174 {"stream":"ethusdt@trade","data":{"e":"trade","E":1721723531783,"T":1721723531783,"s":"ETHUSDT","t":4229296608,"p":"3511.11","q":"0.200","X":"MARKET","m":false}}
2024-07-23T16:32:11.774070Z info 8174 {"stream":"xrpusdt@trade","data":{"e":"trade","E":1721723531835,"T":1721723531835,"s":"XRPUSDT","t":1535426583,"p":"0.5995","q":"241.0","X":"MARKET","m":false}}
2024-07-23T16:32:11.794966Z info 8174 {"stream":"ethusdt@trade","data":{"e":"trade","E":1721723531856,"T":1721723531856,"s":"ETHUSDT","t":4229296609,"p":"3511.11","q":"3.200","X":"MARKET","m":false}}
2024-07-23T16:32:11.795007Z info 8174 {"stream":"ethusdt@trade","data":{"e":"trade","E":1721723531856,"T":1721723531856,"s":"ETHUSDT","t":4229296610,"p":"3511.11","q":"0.400","X":"MARKET","m":false}}
2024-07-23T16:32:11.795040Z info 8174 {"stream":"ethusdt@trade","data":{"e":"trade","E":1721723531856,"T":1721723531856,"s":"ETHUSDT","t":4229296611,"p":"3511.11","q":"0.400","X":"MARKET","m":false}}
2024-07-23T16:32:11.795064Z info 8174 {"stream":"ethusdt@trade","data":{"e":"trade","E":1721723531856,"T":1721723531856,"s":"ETHUSDT","t":4229296612,"p":"3511.11","q":"0.500","X":"MARKET","m":false}}
2024-07-23T16:32:11.810105Z info 8174 {"stream":"ethusdt@trade","data":{"e":"trade","E":1721723531871,"T":1721723531871,"s":"ETHUSDT","t":4229296613,"p":"3511.11","q":"0.027","X":"MARKET","m":false}}
2024-07-23T16:32:11.811296Z info 8174 {"stream":"ethusdt@trade","data":{"e":"trade","E":1721723531873,"T":1721723531873,"s":"ETHUSDT","t":4229296614,"p":"3511.11","q":"0.729","X":"MARKET","m":false}}
2024-07-23T16:32:11.818821Z info 8174 {"stream":"ethusdt@trade","data":{"e":"trade","E":1721723531881,"T":1721723531881,"s":"ETHUSDT","t":4229296615,"p":"3511.10","q":"0.018","X":"MARKET","m":true}}
2024-07-23T16:32:11.828555Z info 8174 {"stream":"xrpusdt@trade","data":{"e":"trade","E":1721723531890,"T":1721723531890,"s":"XRPUSDT","t":1535426584,"p":"0.5994","q":"178.9","X":"MARKET","m":true}}
2024-07-23T16:32:11.829921Z info 8174 {"stream":"ethusdt@trade","data":{"e":"trade","E":1721723531891,"T":1721723531891,"s":"ETHUSDT","t":4229296616,"p":"3511.10","q":"0.007","X":"MARKET","m":true}}
2024-07-23T16:32:11.836218Z info 8174 {"stream":"ethusdt@trade","data":{"e":"trade","E":1721723531897,"T":1721723531897,"s":"ETHUSDT","t":4229296617,"p":"3511.10","q":"0.005","X":"MARKET","m":true}}
2024-07-23T16:32:11.857224Z info 8174 {"stream":"ethusdt@trade","data":{"e":"trade","E":1721723531918,"T":1721723531918,"s":"ETHUSDT","t":4229296618,"p":"3511.10","q":"1.000","X":"MARKET","m":true}}
2024-07-23T16:32:11.894470Z info 8174 {"stream":"ethusdt@trade","data":{"e":"trade","E":1721723531956,"T":1721723531956,"s":"ETHUSDT","t":4229296619,"p":"3511.11","q":"2.480","X":"MARKET","m":false}}
2024-07-23T16:32:11.894504Z info 8174 {"stream":"ethusdt@trade","data":{"e":"trade","E":1721723531956,"T":1721723531956,"s":"ETHUSDT","t":4229296620,"p":"3511.11","q":"0.200","X":"MARKET","m":false}}
2024-07-23T16:32:11.894526Z info 8174 {"stream":"ethusdt@trade","data":{"e":"trade","E":1721723531956,"T":1721723531956,"s":"ETHUSDT","t":4229296621,"p":"3511.11","q":"1.592","X":"MARKET","m":false}}
2024-07-23T16:32:11.896723Z info 8174 {"stream":"ethusdt@trade","data":{"e":"trade","E":1721723531958,"T":1721723531957,"s":"ETHUSDT","t":4229296622,"p":"3511.11","q":"0.008","X":"MARKET","m":false}}
2024-07-23T16:32:11.896756Z info 8174 {"stream":"ethusdt@trade","data":{"e":"trade","E":1721723531958,"T":1721723531957,"s":"ETHUSDT","t":4229296623,"p":"3511.11","q":"0.800","X":"MARKET","m":false}}
2024-07-23T16:32:11.896795Z info 8174 {"stream":"ethusdt@trade","data":{"e":"trade","E":1721723531958,"T":1721723531957,"s":"ETHUSDT","t":4229296624,"p":"3511.11","q":"0.100","X":"MARKET","m":false}}
2024-07-23T16:32:11.896816Z info 8174 {"stream":"ethusdt@trade","data":{"e":"trade","E":1721723531958,"T":1721723531957,"s":"ETHUSDT","t":4229296625,"p":"3511.11","q":"0.059","X":"MARKET","m":false}}
2024-07-23T16:32:11.896838Z info 8174 {"stream":"ethusdt@trade","data":{"e":"trade","E":1721723531958,"T":1721723531957,"s":"ETHUSDT","t":4229296626,"p":"3511.11","q":"0.172","X":"MARKET","m":false}}
2024-07-23T16:32:11.916745Z info 8174 {"stream":"ethusdt@trade","data":{"e":"trade","E":1721723531978,"T":1721723531978,"s":"ETHUSDT","t":4229296627,"p":"3511.11","q":"0.176","X":"MARKET","m":false}}
2024-07-23T16:32:11.945422Z info 8174 {"stream":"ethusdt@trade","data":{"e":"trade","E":1721723532007,"T":1721723532007,"s":"ETHUSDT","t":4229296628,"p":"3511.10","q":"0.901","X":"MARKET","m":true}}
2024-07-23T16:32:11.959227Z info 8174 {"stream":"ethusdt@trade","data":{"e":"trade","E":1721723532020,"T":1721723532020,"s":"ETHUSDT","t":4229296629,"p":"3511.11","q":"0.400","X":"MARKET","m":false}}
2024-07-23T16:32:11.959261Z info 8174 {"stream":"ethusdt@trade","data":{"e":"trade","E":1721723532020,"T":1721723532020,"s":"ETHUSDT","t":4229296630,"p":"3511.11","q":"3.661","X":"MARKET","m":false}}
2024-07-23T16:32:11.959299Z info 8174 {"stream":"ethusdt@trade","data":{"e":"trade","E":1721723532021,"T":1721723532020,"s":"ETHUSDT","t":4229296631,"p":"3511.11","q":"0.143","X":"MARKET","m":false}}
2024-07-23T16:32:11.959330Z info 8174 {"stream":"ethusdt@trade","data":{"e":"trade","E":1721723532021,"T":1721723532020,"s":"ETHUSDT","t":4229296632,"p":"3511.10","q":"0.057","X":"MARKET","m":true}}
2024-07-23T16:32:11.959361Z info 8174 {"stream":"ethusdt@trade","data":{"e":"trade","E":1721723532021,"T":1721723532020,"s":"ETHUSDT","t":4229296633,"p":"3511.11","q":"0.193","X":"MARKET","m":false}}
2024-07-23T16:32:11.959393Z info 8174 {"stream":"ethusdt@trade","data":{"e":"trade","E":1721723532021,"T":1721723532020,"s":"ETHUSDT","t":4229296634,"p":"3511.10","q":"0.013","X":"MARKET","m":true}}
2024-07-23T16:32:11.959424Z info 8174 {"stream":"ethusdt@trade","data":{"e":"trade","E":1721723532021,"T":1721723532020,"s":"ETHUSDT","t":4229296635,"p":"3511.11","q":"0.109","X":"MARKET","m":false}}
2024-07-23T16:32:12.010868Z info 8174 {"stream":"ethusdt@trade","data":{"e":"trade","E":1721723532073,"T":1721723532073,"s":"ETHUSDT","t":4229296636,"p":"3511.10","q":"0.044","X":"MARKET","m":true}}
2024-07-23T16:32:12.083466Z info 8174 {"stream":"ethusdt@trade","data":{"e":"trade","E":1721723532144,"T":1721723532143,"s":"ETHUSDT","t":4229296637,"p":"3511.10","q":"0.050","X":"MARKET","m":true}}
2024-07-23T16:32:12.102077Z info 8174 {"stream":"ethusdt@trade","data":{"e":"trade","E":1721723532158,"T":1721723532158,"s":"ETHUSDT","t":4229296638,"p":"3511.11","q":"0.043","X":"MARKET","m":false}}
2024-07-23T16:32:12.102121Z info 8174 {"stream":"ethusdt@trade","data":{"e":"trade","E":1721723532158,"T":1721723532158,"s":"ETHUSDT","t":4229296639,"p":"3511.11","q":"0.800","X":"MARKET","m":false}}
2024-07-23T16:32:12.102144Z info 8174 {"stream":"ethusdt@trade","data":{"e":"trade","E":1721723532158,"T":1721723532158,"s":"ETHUSDT","t":4229296640,"p":"3511.11","q":"1.600","X":"MARKET","m":false}}
2024-07-23T16:32:12.102165Z info 8174 {"stream":"ethusdt@trade","data":{"e":"trade","E":1721723532158,"T":1721723532158,"s":"ETHUSDT","t":4229296641,"p":"3511.11","q":"0.379","X":"MARKET","m":false}}
2024-07-23T16:32:12.102196Z info 8174 {"stream":"ethusdt@trade","data":{"e":"trade","E":1721723532159,"T":1721723532159,"s":"ETHUSDT","t":4229296642,"p":"3511.11","q":"0.021","X":"MARKET","m":false}}
2024-07-23T16:32:12.102229Z info 8174 {"stream":"ethusdt@trade","data":{"e":"trade","E":1721723532159,"T":1721723532159,"s":"ETHUSDT","t":4229296643,"p":"3511.11","q":"0.200","X":"MARKET","m":false}}
2024-07-23T16:32:12.102262Z info 8174 {"stream":"ethusdt@trade","data":{"e":"trade","E":1721723532159,"T":1721723532159,"s":"ETHUSDT","t":4229296644,"p":"3511.11","q":"3.200","X":"MARKET","m":false}}
2024-07-23T16:32:12.102294Z info 8174 {"stream":"ethusdt@trade","data":{"e":"trade","E":1721723532159,"T":1721723532159,"s":"ETHUSDT","t":4229296645,"p":"3511.11","q":"1.424","X":"MARKET","m":false}}
2024-07-23T16:32:12.102327Z info 8174 {"stream":"ethusdt@trade","data":{"e":"trade","E":1721723532159,"T":1721723532159,"s":"ETHUSDT","t":4229296646,"p":"3511.11","q":"0.043","X":"MARKET","m":false}}
2024-07-23T16:32:12.102359Z info 8174 {"stream":"ethusdt@trade","data":{"e":"trade","E":1721723532160,"T":1721723532159,"s":"ETHUSDT","t":4229296647,"p":"3511.11","q":"0.366","X":"MARKET","m":false}}
2024-07-23T16:32:12.104253Z info 8174 {"stream":"ethusdt@trade","data":{"e":"trade","E":1721723532160,"T":1721723532159,"s":"ETHUSDT","t":4229296648,"p":"3511.11","q":"0.400","X":"MARKET","m":false}}
2024-07-23T16:32:12.104290Z info 8174 {"stream":"ethusdt@trade","data":{"e":"trade","E":1721723532160,"T":1721723532159,"s":"ETHUSDT","t":4229296649,"p":"3511.11","q":"4.528","X":"MARKET","m":false}}
2024-07-23T16:32:12.104324Z info 8174 {"stream":"ethusdt@trade","data":{"e":"trade","E":1721723532160,"T":1721723532160,"s":"ETHUSDT","t":4229296650,"p":"3511.11","q":"0.272","X":"MARKET","m":false}}
2024-07-23T16:32:12.104355Z info 8174 {"stream":"ethusdt@trade","data":{"e":"trade","E":1721723532160,"T":1721723532160,"s":"ETHUSDT","t":4229296651,"p":"3511.12","q":"0.006","X":"MARKET","m":false}}
2024-07-23T16:32:12.104378Z info 8174 {"stream":"ethusdt@trade","data":{"e":"trade","E":1721723532160,"T":1721723532160,"s":"ETHUSDT","t":4229296652,"p":"3511.13","q":"0.400","X":"MARKET","m":false}}
2024-07-23T16:32:12.104410Z info 8174 {"stream":"ethusdt@trade","data":{"e":"trade","E":1721723532160,"T":1721723532160,"s":"ETHUSDT","t":4229296653,"p":"3511.13","q":"0.006","X":"MARKET","m":false}}
2024-07-23T16:32:12.121885Z info 8174 {"stream":"ethusdt@trade","data":{"e":"trade","E":1721723532175,"T":1721723532175,"s":"ETHUSDT","t":4229296654,"p":"3511.23","q":"0.151","X":"MARKET","m":false}}
2024-07-23T16:32:12.121923Z info 8174 {"stream":"ethusdt@trade","data":{"e":"trade","E":1721723532175,"T":1721723532175,"s":"ETHUSDT","t":4229296655,"p":"3511.23","q":"0.366","X":"MARKET","m":false}}
2024-07-23T16:32:12.121953Z info 8174 {"stream":"ethusdt@trade","data":{"e":"trade","E":1721723532175,"T":1721723532175,"s":"ETHUSDT","t":4229296656,"p":"3511.23","q":"0.309","X":"MARKET","m":false}}
2024-07-23T16:32:12.121960Z info 8174 {"stream":"ethusdt@trade","data":{"e":"trade","E":1721723532175,"T":1721723532175,"s":"ETHUSDT","t":4229296657,"p":"3511.23","q":"0.949","X":"MARKET","m":false}}
2024-07-23T16:32:12.121965Z info 8174 {"stream":"ethusdt@trade","data":{"e":"trade","E":1721723532176,"T":1721723532176,"s":"ETHUSDT","t":4229296658,"p":"3511.22","q":"1.000","X":"MARKET","m":true}}
2024-07-23T16:32:12.129391Z info 8174 {"stream":"xrpusdt@trade","data":{"e":"trade","E":1721723532190,"T":1721723532189,"s":"XRPUSDT","t":1535426585,"p":"0.5994","q":"3368.2","X":"MARKET","m":true}}
2024-07-23T16:32:12.131650Z info 8174 {"stream":"xrpusdt@trade","data":{"e":"trade","E":1721723532191,"T":1721723532191,"s":"XRPUSDT","t":1535426586,"p":"0.5995","q":"318.4","X":"MARKET","m":false}}
2024-07-23T16:32:12.131686Z info 8174 {"stream":"xrpusdt@trade","data":{"e":"trade","E":1721723532192,"T":1721723532191,"s":"XRPUSDT","t":1535426587,"p":"0.5995","q":"53.8","X":"MARKET","m":false}}
2024-07-23T16:32:12.131718Z info 8174 {"stream":"xrpusdt@trade","data":{"e":"trade","E":1721723532192,"T":1721723532191,"s":"XRPUSDT","t":1535426588,"p":"0.5995","q":"239.7","X":"MARKET","m":false}}
2024-07-23T16:32:12.142892Z info 8174 {"stream":"xrpusdt@trade","data":{"e":"trade","E":1721723532193,"T":1721723532193,"s":"XRPUSDT","t":1535426589,"p":"0.5995","q":"993.1","X":"MARKET","m":false}}
2024-07-23T16:32:12.142927Z info 8174 {"stream":"xrpusdt@trade","data":{"e":"trade","E":1721723532193,"T":1721723532193,"s":"XRPUSDT","t":1535426590,"p":"0.5995","q":"129.8","X":"MARKET","m":false}}
2024-07-23T16:32:12.142957Z info 8174 {"stream":"xrpusdt@trade","data":{"e":"trade","E":1721723532193,"T":1721723532193,"s":"XRPUSDT","t":1535426591,"p":"0.5995","q":"1586.8","X":"MARKET","m":false}}
2024-07-23T16:32:12.142993Z info 8174 {"stream":"xrpusdt@trade","data":{"e":"trade","E":1721723532193,"T":1721723532193,"s":"XRPUSDT","t":1535426592,"p":"0.5995","q":"2888.0","X":"MARKET","m":false}}
2024-07-23T16:32:12.143025Z info 8174 {"stream":"xrpusdt@trade","data":{"e":"trade","E":1721723532193,"T":1721723532193,"s":"XRPUSDT","t":1535426593,"p":"0.5995","q":"27.6","X":"MARKET","m":false}}
2024-07-23T16:32:12.143057Z info 8174 {"stream":"xrpusdt@trade","data":{"e":"trade","E":1721723532193,"T":1721723532193,"s":"XRPUSDT","t":1535426594,"p":"0.5995","q":"839.6","X":"MARKET","m":false}}
2024-07-23T16:32:12.143089Z info 8174 {"stream":"xrpusdt@trade","data":{"e":"trade","E":1721723532193,"T":1721723532193,"s":"XRPUSDT","t":1535426595,"p":"0.5995","q":"875.6","X":"MARKET","m":false}}
2024-07-23T16:32:12.143121Z info 8174 {"stream":"xrpusdt@trade","data":{"e":"trade","E":1721723532193,"T":1721723532193,"s":"XRPUSDT","t":1535426596,"p":"0.5995","q":"2329.7","X":"MARKET","m":false}}
2024-07-23T16:32:12.143152Z info 8174 {"stream":"xrpusdt@trade","data":{"e":"trade","E":1721723532193,"T":1721723532193,"s":"XRPUSDT","t":1535426597,"p":"0.5995","q":"1500.6","X":"MARKET","m":false}}
2024-07-23T16:32:12.143184Z info 8174 {"stream":"xrpusdt@trade","data":{"e":"trade","E":1721723532193,"T":1721723532193,"s":"XRPUSDT","t":1535426598,"p":"0.5995","q":"2395.3","X":"MARKET","m":false}}
2024-07-23T16:32:12.143216Z info 8174 {"stream":"xrpusdt@trade","data":{"e":"trade","E":1721723532193,"T":1721723532193,"s":"XRPUSDT","t":1535426599,"p":"0.5995","q":"2327.1","X":"MARKET","m":false}}
2024-07-23T16:32:12.145430Z info 8174 {"stream":"ethusdt@trade","data":{"e":"trade","E":1721723532206,"T":1721723532206,"s":"ETHUSDT","t":4229296659,"p":"3511.26","q":"0.009","X":"MARKET","m":false}}
2024-07-23T16:32:12.145463Z info 8174 {"stream":"ethusdt@trade","data":{"e":"trade","E":1721723532206,"T":1721723532206,"s":"ETHUSDT","t":4229296660,"p":"3511.26","q":"0.194","X":"MARKET","m":false}}
2024-07-23T16:32:12.145495Z info 8174 {"stream":"ethusdt@trade","data":{"e":"trade","E":1721723532206,"T":1721723532206,"s":"ETHUSDT","t":4229296661,"p":"3511.26","q":"0.007","X":"MARKET","m":false}}
2024-07-23T16:32:12.145525Z info 8174 {"stream":"ethusdt@trade","data":{"e":"trade","E":1721723532206,"T":1721723532206,"s":"ETHUSDT","t":4229296662,"p":"3511.26","q":"0.199","X":"MARKET","m":false}}
2024-07-23T16:32:12.145545Z info 8174 {"stream":"ethusdt@trade","data":{"e":"trade","E":1721723532206,"T":1721723532206,"s":"ETHUSDT","t":4229296663,"p":"3511.26","q":"0.101","X":"MARKET","m":false}}
2024-07-23T16:32:12.149715Z info 8174 {"stream":"ethusdt@trade","data":{"e":"trade","E":1721723532210,"T":1721723532210,"s":"ETHUSDT","t":4229296664,"p":"3511.26","q":"0.179","X":"MARKET","m":false}}
2024-07-23T16:32:12.168233Z info 8174 {"stream":"ethusdt@trade","data":{"e":"trade","E":1721723532230,"T":1721723532230,"s":"ETHUSDT","t":4229296665,"p":"3511.26","q":"0.120","X":"MARKET","m":false}}
2024-07-23T16:32:12.169576Z info 8174 {"stream":"ethusdt@trade","data":{"e":"trade","E":1721723532230,"T":1721723532230,"s":"ETHUSDT","t":4229296666,"p":"3511.26","q":"0.007","X":"MARKET","m":false}}
2024-07-23T16:32:12.169612Z info 8174 {"stream":"ethusdt@trade","data":{"e":"trade","E":1721723532230,"T":1721723532230,"s":"ETHUSDT","t":4229296667,"p":"3511.26","q":"0.007","X":"MARKET","m":false}}
2024-07-23T16:32:12.169644Z info 8174 {"stream":"ethusdt@trade","data":{"e":"trade","E":1721723532230,"T":1721723532230,"s":"ETHUSDT","t":4229296668,"p":"3511.26","q":"0.239","X":"MARKET","m":false}}
2024-07-23T16:32:12.185704Z info 8174 {"stream":"ethusdt@trade","data":{"e":"trade","E":1721723532246,"T":1721723532246,"s":"ETHUSDT","t":4229296669,"p":"3511.26","q":"0.012","X":"MARKET","m":false}}
2024-07-23T16:32:12.185741Z info 8174 {"stream":"ethusdt@trade","data":{"e":"trade","E":1721723532246,"T":1721723532246,"s":"ETHUSDT","t":4229296670,"p":"3511.26","q":"0.012","X":"MARKET","m":false}}
2024-07-23T16:32:12.185772Z info 8174 {"stream":"ethusdt@trade","data":{"e":"trade","E":1721723532246,"T":1721723532246,"s":"ETHUSDT","t":4229296671,"p":"3511.26","q":"0.012","X":"MARKET","m":false}}
2024-07-23T16:32:12.185778Z info 8174 {"stream":"ethusdt@trade","data":{"e":"trade","E":1721723532247,"T":1721723532246,"s":"ETHUSDT","t":4229296672,"p":"3511.26","q":"0.012","X":"MARKET","m":false}}
2024-07-23T16:32:12.185798Z info 8174 {"stream":"ethusdt@trade","data":{"e":"trade","E":1721723532247,"T":1721723532246,"s":"ETHUSDT","t":4229296673,"p":"3511.26","q":"0.012","X":"MARKET","m":false}}
2024-07-23T16:32:12.185831Z info 8174 {"stream":"ethusdt@trade","data":{"e":"trade","E":1721723532247,"T":1721723532246,"s":"ETHUSDT","t":4229296674,"p":"3511.26","q":"0.012","X":"MARKET","m":false}}
2024-07-23T16:32:12.185862Z info 8174 {"stream":"ethusdt@trade","data":{"e":"trade","E":1721723532247,"T":1721723532246,"s":"ETHUSDT","t":4229296675,"p":"3511.26","q":"0.012","X":"MARKET","m":false}}
2024-07-23T16:32:12.186427Z info 8174 {"stream":"ethusdt@trade","data":{"e":"trade","E":1721723532247,"T":1721723532247,"s":"ETHUSDT","t":4229296676,"p":"3511.26","q":"0.012","X":"MARKET","m":false}}
2024-07-23T16:32:12.186461Z info 8174 {"stream":"ethusdt@trade","data":{"e":"trade","E":1721723532247,"T":1721723532247,"s":"ETHUSDT","t":4229296677,"p":"3511.26","q":"0.012","X":"MARKET","m":false}}
2024-07-23T16:32:12.186493Z info 8174 {"stream":"ethusdt@trade","data":{"e":"trade","E":1721723532247,"T":1721723532247,"s":"ETHUSDT","t":4229296678,"p":"3511.26","q":"0.012","X":"MARKET","m":false}}
2024-07-23T16:32:12.186525Z info 8174 {"stream":"ethusdt@trade","data":{"e":"trade","E":1721723532247,"T":1721723532247,"s":"ETHUSDT","t":4229296679,"p":"3511.26","q":"0.012","X":"MARKET","m":false}}
2024-07-23T16:32:12.186546Z info 8174 {"stream":"ethusdt@trade","data":{"e":"trade","E":1721723532247,"T":1721723532247,"s":"ETHUSDT","t":4229296680,"p":"3511.26","q":"0.012","X":"MARKET","m":false}}
2024-07-23T16:32:12.186578Z info 8174 {"stream":"ethusdt@trade","data":{"e":"trade","E":1721723532247,"T":1721723532247,"s":"ETHUSDT","t":4229296681,"p":"3511.26","q":"0.012","X":"MARKET","m":false}}
2024-07-23T16:32:12.186610Z info 8174 {"stream":"ethusdt@trade","data":{"e":"trade","E":1721723532247,"T":1721723532247,"s":"ETHUSDT","t":4229296682,"p":"3511.26","q":"0.012","X":"MARKET","m":false}}
2024-07-23T16:32:12.186616Z info 8174 {"stream":"ethusdt@trade","data":{"e":"trade","E":1721723532247,"T":1721723532247,"s":"ETHUSDT","t":4229296683,"p":"3511.26","q":"0.012","X":"MARKET","m":false}}
2024-07-23T16:32:12.186636Z info 8174 {"stream":"ethusdt@trade","data":{"e":"trade","E":1721723532247,"T":1721723532247,"s":"ETHUSDT","t":4229296684,"p":"3511.26","q":"0.012","X":"MARKET","m":false}}
2024-07-23T16:32:12.186657Z info 8174 {"stream":"ethusdt@trade","data":{"e":"trade","E":1721723532247,"T":1721723532247,"s":"ETHUSDT","t":4229296685,"p":"3511.26","q":"0.012","X":"MARKET","m":false}}
2024-07-23T16:32:12.186678Z info 8174 {"stream":"ethusdt@trade","data":{"e":"trade","E":1721723532248,"T":1721723532247,"s":"ETHUSDT","t":4229296686,"p":"3511.26","q":"0.012","X":"MARKET","m":false}}
2024-07-23T16:32:12.186699Z info 8174 {"stream":"ethusdt@trade","data":{"e":"trade","E":1721723532248,"T":1721723532247,"s":"ETHUSDT","t":4229296687,"p":"3511.26","q":"0.012","X":"MARKET","m":false}}
2024-07-23T16:32:12.186721Z info 8174 {"stream":"ethusdt@trade","data":{"e":"trade","E":1721723532248,"T":1721723532247,"s":"ETHUSDT","t":4229296688,"p":"3511.26","q":"0.012","X":"MARKET","m":false}}
2024-07-23T16:32:12.186742Z info 8174 {"stream":"ethusdt@trade","data":{"e":"trade","E":1721723532248,"T":1721723532247,"s":"ETHUSDT","t":4229296689,"p":"3511.26","q":"0.012","X":"MARKET","m":false}}
2024-07-23T16:32:12.186764Z info 8174 {"stream":"ethusdt@trade","data":{"e":"trade","E":1721723532248,"T":1721723532247,"s":"ETHUSDT","t":4229296690,"p":"3511.26","q":"0.012","X":"MARKET","m":false}}
2024-07-23T16:32:12.186795Z info 8174 {"stream":"ethusdt@trade","data":{"e":"trade","E":1721723532248,"T":1721723532247,"s":"ETHUSDT","t":4229296691,"p":"3511.26","q":"0.012","X":"MARKET","m":false}}
2024-07-23T16:32:12.186827Z info 8174 {"stream":"ethusdt@trade","data":{"e":"trade","E":1721723532248,"T":1721723532247,"s":"ETHUSDT","t":4229296692,"p":"3511.26","q":"0.012","X":"MARKET","m":false}}
2024-07-23T16:32:12.186859Z info 8174 {"stream":"ethusdt@trade","data":{"e":"trade","E":1721723532248,"T":1721723532247,"s":"ETHUSDT","t":4229296693,"p":"3511.26","q":"0.012","X":"MARKET","m":false}}
2024-07-23T16:32:12.187780Z info 8174 {"stream":"ethusdt@trade","data":{"e":"trade","E":1721723532248,"T":1721723532247,"s":"ETHUSDT","t":4229296694,"p":"3511.26","q":"0.012","X":"MARKET","m":false}}
2024-07-23T16:32:12.187819Z info 8174 {"stream":"ethusdt@trade","data":{"e":"trade","E":1721723532248,"T":1721723532247,"s":"ETHUSDT","t":4229296695,"p":"3511.26","q":"0.012","X":"MARKET","m":false}}
2024-07-23T16:32:12.187856Z info 8174 {"stream":"ethusdt@trade","data":{"e":"trade","E":1721723532248,"T":1721723532248,"s":"ETHUSDT","t":4229296696,"p":"3511.26","q":"0.127","X":"MARKET","m":false}}
2024-07-23T16:32:12.187886Z info 8174 {"stream":"ethusdt@trade","data":{"e":"trade","E":1721723532249,"T":1721723532248,"s":"ETHUSDT","t":4229296697,"p":"3511.26","q":"0.127","X":"MARKET","m":false}}
2024-07-23T16:32:12.229490Z info 8174 {"stream":"ethusdt@trade","data":{"e":"trade","E":1721723532290,"T":1721723532290,"s":"ETHUSDT","t":4229296698,"p":"3511.25","q":"0.034","X":"MARKET","m":true}}
2024-07-23T16:32:12.240284Z info 8174 {"stream":"ethusdt@trade","data":{"e":"trade","E":1721723532300,"T":1721723532299,"s":"ETHUSDT","t":4229296699,"p":"3511.26","q":"1.092","X":"MARKET","m":false}}
2024-07-23T16:32:12.240558Z info 8174 {"stream":"ethusdt@trade","data":{"e":"trade","E":1721723532302,"T":1721723532301,"s":"ETHUSDT","t":4229296700,"p":"3511.25","q":"1.428","X":"MARKET","m":true}}
2024-07-23T16:32:12.253711Z info 8174 {"stream":"ethusdt@trade","data":{"e":"trade","E":1721723532315,"T":1721723532314,"s":"ETHUSDT","t":4229296701,"p":"3511.26","q":"0.092","X":"MARKET","m":false}}
2024-07-23T16:32:12.253750Z info 8174 {"stream":"ethusdt@trade","data":{"e":"trade","E":1721723532315,"T":1721723532314,"s":"ETHUSDT","t":4229296702,"p":"3511.26","q":"0.586","X":"MARKET","m":false}}
2024-07-23T16:32:12.299612Z info 8174 {"stream":"ethusdt@trade","data":{"e":"trade","E":1721723532360,"T":1721723532360,"s":"ETHUSDT","t":4229296703,"p":"3511.26","q":"0.007","X":"MARKET","m":false}}
2024-07-23T16:32:12.303648Z info 8174 {"stream":"ethusdt@trade","data":{"e":"trade","E":1721723532365,"T":1721723532365,"s":"ETHUSDT","t":4229296704,"p":"3511.25","q":"0.050","X":"MARKET","m":true}}
2024-07-23T16:32:12.308042Z info 8174 {"stream":"ethusdt@trade","data":{"e":"trade","E":1721723532369,"T":1721723532369,"s":"ETHUSDT","t":4229296705,"p":"3511.25","q":"0.056","X":"MARKET","m":true}}
2024-07-23T16:32:12.309756Z info 8174 {"stream":"ethusdt@trade","data":{"e":"trade","E":1721723532371,"T":1721723532371,"s":"ETHUSDT","t":4229296706,"p":"3511.26","q":"0.121","X":"MARKET","m":false}}
2024-07-23T16:32:12.309791Z info 8174 {"stream":"ethusdt@trade","data":{"e":"trade","E":1721723532371,"T":1721723532371,"s":"ETHUSDT","t":4229296707,"p":"3511.26","q":"0.400","X":"MARKET","m":false}}
2024-07-23T16:32:12.309822Z info 8174 {"stream":"ethusdt@trade","data":{"e":"trade","E":1721723532371,"T":1721723532371,"s":"ETHUSDT","t":4229296708,"p":"3511.26","q":"0.200","X":"MARKET","m":false}}
2024-07-23T16:32:12.309854Z info 8174 {"stream":"ethusdt@trade","data":{"e":"trade","E":1721723532371,"T":1721723532371,"s":"ETHUSDT","t":4229296709,"p":"3511.26","q":"0.046","X":"MARKET","m":false}}
2024-07-23T16:32:12.309886Z info 8174 {"stream":"ethusdt@trade","data":{"e":"trade","E":1721723532371,"T":1721723532371,"s":"ETHUSDT","t":4229296710,"p":"3511.26","q":"0.233","X":"MARKET","m":false}}
2024-07-23T16:32:12.340213Z info 8174 {"stream":"ethusdt@trade","data":{"e":"trade","E":1721723532401,"T":1721723532401,"s":"ETHUSDT","t":4229296711,"p":"3511.26","q":"0.133","X":"MARKET","m":false}}
2024-07-23T16:32:12.340257Z info 8174 {"stream":"ethusdt@trade","data":{"e":"trade","E":1721723532401,"T":1721723532401,"s":"ETHUSDT","t":4229296712,"p":"3511.26","q":"0.366","X":"MARKET","m":false}}
2024-07-23T16:32:12.340289Z info 8174 {"stream":"ethusdt@trade","data":{"e":"trade","E":1721723532401,"T":1721723532401,"s":"ETHUSDT","t":4229296713,"p":"3511.26","q":"0.309","X":"MARKET","m":false}}
2024-07-23T16:32:12.340319Z info 8174 {"stream":"ethusdt@trade","data":{"e":"trade","E":1721723532401,"T":1721723532401,"s":"ETHUSDT","t":4229296714,"p":"3511.26","q":"0.067","X":"MARKET","m":false}}
2024-07-23T16:32:12.340352Z info 8174 {"stream":"ethusdt@trade","data":{"e":"trade","E":1721723532401,"T":1721723532401,"s":"ETHUSDT","t":4229296715,"p":"3511.26","q":"0.626","X":"MARKET","m":false}}
2024-07-23T16:32:12.340383Z info 8174 {"stream":"ethusdt@trade","data":{"e":"trade","E":1721723532401,"T":1721723532401,"s":"ETHUSDT","t":4229296716,"p":"3511.26","q":"0.200","X":"MARKET","m":false}}
2024-07-23T16:32:12.340416Z info 8174 {"stream":"ethusdt@trade","data":{"e":"trade","E":1721723532401,"T":1721723532401,"s":"ETHUSDT","t":4229296717,"p":"3511.26","q":"0.400","X":"MARKET","m":false}}
2024-07-23T16:32:12.340447Z info 8174 {"stream":"ethusdt@trade","data":{"e":"trade","E":1721723532401,"T":1721723532401,"s":"ETHUSDT","t":4229296718,"p":"3511.26","q":"0.200","X":"MARKET","m":false}}
2024-07-23T16:32:12.340479Z info 8174 {"stream":"ethusdt@trade","data":{"e":"trade","E":1721723532401,"T":1721723532401,"s":"ETHUSDT","t":4229296719,"p":"3511.27","q":"0.200","X":"MARKET","m":false}}
2024-07-23T16:32:12.340512Z info 8174 {"stream":"ethusdt@trade","data":{"e":"trade","E":1721723532401,"T":1721723532401,"s":"ETHUSDT","t":4229296720,"p":"3511.27","q":"0.800","X":"MARKET","m":false}}
2024-07-23T16:32:12.340544Z info 8174 {"stream":"ethusdt@trade","data":{"e":"trade","E":1721723532401,"T":1721723532401,"s":"ETHUSDT","t":4229296721,"p":"3511.27","q":"0.800","X":"MARKET","m":false}}
2024-07-23T16:32:12.340576Z info 8174 {"stream":"ethusdt@trade","data":{"e":"trade","E":1721723532401,"T":1721723532401,"s":"ETHUSDT","t":4229296722,"p":"3511.27","q":"1.600","X":"MARKET","m":false}}
2024-07-23T16:32:12.340608Z info 8174 {"stream":"ethusdt@trade","data":{"e":"trade","E":1721723532401,"T":1721723532401,"s":"ETHUSDT","t":4229296723,"p":"3511.27","q":"0.400","X":"MARKET","m":false}}
2024-07-23T16:32:12.340629Z info 8174 {"stream":"ethusdt@trade","data":{"e":"trade","E":1721723532401,"T":1721723532401,"s":"ETHUSDT","t":4229296724,"p":"3511.27","q":"1.600","X":"MARKET","m":false}}
2024-07-23T16:32:12.340638Z info 8174 {"stream":"ethusdt@trade","data":{"e":"trade","E":1721723532401,"T":1721723532401,"s":"ETHUSDT","t":4229296725,"p":"3511.28","q":"0.430","X":"MARKET","m":false}}
2024-07-23T16:32:12.340644Z info 8174 {"stream":"ethusdt@trade","data":{"e":"trade","E":1721723532401,"T":1721723532401,"s":"ETHUSDT","t":4229296726,"p":"3511.28","q":"1.392","X":"MARKET","m":false}}
2024-07-23T16:32:12.340667Z info 8174 {"stream":"ethusdt@trade","data":{"e":"trade","E":1721723532401,"T":1721723532401,"s":"ETHUSDT","t":4229296727,"p":"3511.29","q":"0.239","X":"MARKET","m":false}}
2024-07-23T16:32:12.360774Z info 8174 {"stream":"ethusdt@trade","data":{"e":"trade","E":1721723532422,"T":1721723532422,"s":"ETHUSDT","t":4229296728,"p":"3511.29","q":"0.191","X":"MARKET","m":false}}
2024-07-23T16:32:12.360810Z info 8174 {"stream":"ethusdt@trade","data":{"e":"trade","E":1721723532422,"T":1721723532422,"s":"ETHUSDT","t":4229296729,"p":"3511.29","q":"0.007","X":"MARKET","m":false}}
2024-07-23T16:32:12.360842Z info 8174 {"stream":"ethusdt@trade","data":{"e":"trade","E":1721723532422,"T":1721723532422,"s":"ETHUSDT","t":4229296730,"p":"3511.34","q":"0.006","X":"MARKET","m":false}}
2024-07-23T16:32:12.360863Z info 8174 {"stream":"ethusdt@trade","data":{"e":"trade","E":1721723532422,"T":1721723532422,"s":"ETHUSDT","t":4229296731,"p":"3511.34","q":"0.007","X":"MARKET","m":false}}
2024-07-23T16:32:12.397647Z info 8174 {"stream":"ethusdt@trade","data":{"e":"trade","E":1721723532459,"T":1721723532458,"s":"ETHUSDT","t":4229296732,"p":"3511.38","q":"0.200","X":"MARKET","m":true}}
2024-07-23T16:32:12.418252Z info 8174 {"stream":"ethusdt@trade","data":{"e":"trade","E":1721723532479,"T":1721723532479,"s":"ETHUSDT","t":4229296733,"p":"3511.38","q":"0.058","X":"MARKET","m":true}}
2024-07-23T16:32:12.428773Z info 8174 {"stream":"ethusdt@trade","data":{"e":"trade","E":1721723532490,"T":1721723532490,"s":"ETHUSDT","t":4229296734,"p":"3511.38","q":"0.024","X":"MARKET","m":true}}
2024-07-23T16:32:12.431385Z info 8174 {"stream":"ethusdt@trade","data":{"e":"trade","E":1721723532493,"T":1721723532493,"s":"ETHUSDT","t":4229296735,"p":"3511.39","q":"0.020","X":"MARKET","m":false}}
2024-07-23T16:32:12.436813Z info 8174 {"stream":"ethusdt@trade","data":{"e":"trade","E":1721723532498,"T":1721723532498,"s":"ETHUSDT","t":4229296736,"p":"3511.39","q":"0.288","X":"MARKET","m":false}}
2024-07-23T16:32:12.436848Z info 8174 {"stream":"ethusdt@trade","data":{"e":"trade","E":1721723532498,"T":1721723532498,"s":"ETHUSDT","t":4229296737,"p":"3511.39","q":"0.200","X":"MARKET","m":false}}
2024-07-23T16:32:12.436869Z info 8174 {"stream":"ethusdt@trade","data":{"e":"trade","E":1721723532498,"T":1721723532498,"s":"ETHUSDT","t":4229296738,"p":"3511.39","q":"0.007","X":"MARKET","m":false}}
2024-07-23T16:32:12.436891Z info 8174 {"stream":"ethusdt@trade","data":{"e":"trade","E":1721723532498,"T":1721723532498,"s":"ETHUSDT","t":4229296739,"p":"3511.39","q":"0.400","X":"MARKET","m":false}}
2024-07-23T16:32:12.436912Z info 8174 {"stream":"ethusdt@trade","data":{"e":"trade","E":1721723532498,"T":1721723532498,"s":"ETHUSDT","t":4229296740,"p":"3511.39","q":"0.200","X":"MARKET","m":false}}
2024-07-23T16:32:12.437692Z info 8174 {"stream":"ethusdt@trade","data":{"e":"trade","E":1721723532498,"T":1721723532498,"s":"ETHUSDT","t":4229296741,"p":"3511.39","q":"0.200","X":"MARKET","m":false}}
2024-07-23T16:32:12.437726Z info 8174 {"stream":"ethusdt@trade","data":{"e":"trade","E":1721723532498,"T":1721723532498,"s":"ETHUSDT","t":4229296742,"p":"3511.39","q":"0.200","X":"MARKET","m":false}}
2024-07-23T16:32:12.437757Z info 8174 {"stream":"ethusdt@trade","data":{"e":"trade","E":1721723532498,"T":1721723532498,"s":"ETHUSDT","t":4229296743,"p":"3511.39","q":"0.013","X":"MARKET","m":false}}
2024-07-23T16:32:12.437798Z info 8174 {"stream":"ethusdt@trade","data":{"e":"trade","E":1721723532498,"T":1721723532498,"s":"ETHUSDT","t":4229296744,"p":"3511.39","q":"0.791","X":"MARKET","m":false}}
2024-07-23T16:32:12.437805Z info 8174 {"stream":"ethusdt@trade","data":{"e":"trade","E":1721723532498,"T":1721723532498,"s":"ETHUSDT","t":4229296745,"p":"3511.39","q":"0.534","X":"MARKET","m":false}}
2024-07-23T16:32:12.481315Z info 8174 {"stream":"ethusdt@trade","data":{"e":"trade","E":1721723532541,"T":1721723532541,"s":"ETHUSDT","t":4229296746,"p":"3511.39","q":"0.578","X":"MARKET","m":false}}
2024-07-23T16:32:12.485283Z info 8174 {"stream":"ethusdt@trade","data":{"e":"trade","E":1721723532546,"T":1721723532545,"s":"ETHUSDT","t":4229296747,"p":"3511.39","q":"0.024","X":"MARKET","m":false}}
2024-07-23T16:32:12.501115Z info 8174 {"stream":"ethusdt@trade","data":{"e":"trade","E":1721723532562,"T":1721723532562,"s":"ETHUSDT","t":4229296748,"p":"3511.39","q":"0.189","X":"MARKET","m":false}}
2024-07-23T16:32:12.501151Z info 8174 {"stream":"ethusdt@trade","data":{"e":"trade","E":1721723532562,"T":1721723532562,"s":"ETHUSDT","t":4229296749,"p":"3511.39","q":"0.811","X":"MARKET","m":false}}
2024-07-23T16:32:12.514640Z info 8174 {"stream":"ethusdt@trade","data":{"e":"trade","E":1721723532576,"T":1721723532576,"s":"ETHUSDT","t":4229296750,"p":"3511.39","q":"1.105","X":"MARKET","m":false}}
2024-07-23T16:32:12.524028Z info 8174 {"stream":"ethusdt@trade","data":{"e":"trade","E":1721723532585,"T":1721723532585,"s":"ETHUSDT","t":4229296751,"p":"3511.39","q":"0.073","X":"MARKET","m":false}}
2024-07-23T16:32:12.564651Z info 8174 {"stream":"ethusdt@trade","data":{"e":"trade","E":1721723532624,"T":1721723532623,"s":"ETHUSDT","t":4229296752,"p":"3511.39","q":"1.600","X":"MARKET","m":false}}
2024-07-23T16:32:12.564684Z info 8174 {"stream":"ethusdt@trade","data":{"e":"trade","E":1721723532624,"T":1721723532623,"s":"ETHUSDT","t":4229296753,"p":"3511.39","q":"1.600","X":"MARKET","m":false}}
2024-07-23T16:32:12.564716Z info 8174 {"stream":"ethusdt@trade","data":{"e":"trade","E":1721723532624,"T":1721723532623,"s":"ETHUSDT","t":4229296754,"p":"3511.39","q":"1.600","X":"MARKET","m":false}}
2024-07-23T16:32:12.564752Z info 8174 {"stream":"ethusdt@trade","data":{"e":"trade","E":1721723532624,"T":1721723532623,"s":"ETHUSDT","t":4229296755,"p":"3511.39","q":"0.400","X":"MARKET","m":false}}
2024-07-23T16:32:12.564784Z info 8174 {"stream":"ethusdt@trade","data":{"e":"trade","E":1721723532624,"T":1721723532623,"s":"ETHUSDT","t":4229296756,"p":"3511.39","q":"0.800","X":"MARKET","m":false}}
2024-07-23T16:32:12.564815Z info 8174 {"stream":"ethusdt@trade","data":{"e":"trade","E":1721723532624,"T":1721723532623,"s":"ETHUSDT","t":4229296757,"p":"3511.39","q":"0.200","X":"MARKET","m":false}}
2024-07-23T16:32:12.564847Z info 8174 {"stream":"ethusdt@trade","data":{"e":"trade","E":1721723532624,"T":1721723532623,"s":"ETHUSDT","t":4229296758,"p":"3511.39","q":"0.800","X":"MARKET","m":false}}
2024-07-23T16:32:12.564878Z info 8174 {"stream":"ethusdt@trade","data":{"e":"trade","E":1721723532624,"T":1721723532623,"s":"ETHUSDT","t":4229296759,"p":"3511.39","q":"1.002","X":"MARKET","m":false}}
2024-07-23T16:32:12.564913Z info 8174 {"stream":"ethusdt@trade","data":{"e":"trade","E":1721723532624,"T":1721723532623,"s":"ETHUSDT","t":4229296760,"p":"3511.39","q":"0.998","X":"MARKET","m":false}}
2024-07-23T16:32:12.564945Z info 8174 {"stream":"ethusdt@trade","data":{"e":"trade","E":1721723532624,"T":1721723532623,"s":"ETHUSDT","t":4229296761,"p":"3511.39","q":"0.309","X":"MARKET","m":false}}
2024-07-23T16:32:12.564977Z info 8174 {"stream":"ethusdt@trade","data":{"e":"trade","E":1721723532624,"T":1721723532623,"s":"ETHUSDT","t":4229296762,"p":"3511.39","q":"0.366","X":"MARKET","m":false}}
2024-07-23T16:32:12.565008Z info 8174 {"stream":"ethusdt@trade","data":{"e":"trade","E":1721723532624,"T":1721723532623,"s":"ETHUSDT","t":4229296763,"p":"3511.39","q":"0.200","X":"MARKET","m":false}}
2024-07-23T16:32:12.565040Z info 8174 {"stream":"ethusdt@trade","data":{"e":"trade","E":1721723532624,"T":1721723532623,"s":"ETHUSDT","t":4229296764,"p":"3511.39","q":"0.100","X":"MARKET","m":false}}
2024-07-23T16:32:12.565069Z info 8174 {"stream":"ethusdt@trade","data":{"e":"trade","E":1721723532624,"T":1721723532623,"s":"ETHUSDT","t":4229296765,"p":"3511.39","q":"0.200","X":"MARKET","m":false}}
2024-07-23T16:32:12.565090Z info 8174 {"stream":"ethusdt@trade","data":{"e":"trade","E":1721723532624,"T":1721723532623,"s":"ETHUSDT","t":4229296766,"p":"3511.39","q":"0.026","X":"MARKET","m":false}}
2024-07-23T16:32:12.565111Z info 8174 {"stream":"ethusdt@trade","data":{"e":"trade","E":1721723532624,"T":1721723532624,"s":"ETHUSDT","t":4229296767,"p":"3511.43","q":"0.006","X":"MARKET","m":false}}
2024-07-23T16:32:12.565132Z info 8174 {"stream":"ethusdt@trade","data":{"e":"trade","E":1721723532624,"T":1721723532624,"s":"ETHUSDT","t":4229296768,"p":"3511.45","q":"0.009","X":"MARKET","m":false}}
2024-07-23T16:32:12.570070Z info 8174 {"stream":"ethusdt@trade","data":{"e":"trade","E":1721723532630,"T":1721723532630,"s":"ETHUSDT","t":4229296769,"p":"3511.55","q":"0.231","X":"MARKET","m":false}}
2024-07-23T16:32:12.570103Z info 8174 {"stream":"ethusdt@trade","data":{"e":"trade","E":1721723532630,"T":1721723532630,"s":"ETHUSDT","t":4229296770,"p":"3511.56","q":"0.011","X":"MARKET","m":false}}
2024-07-23T16:32:12.570135Z info 8174 {"stream":"ethusdt@trade","data":{"e":"trade","E":1721723532630,"T":1721723532630,"s":"ETHUSDT","t":4229296771,"p":"3511.56","q":"0.040","X":"MARKET","m":false}}
2024-07-23T16:32:12.593822Z info 8174 {"stream":"ethusdt@trade","data":{"e":"trade","E":1721723532654,"T":1721723532654,"s":"ETHUSDT","t":4229296772,"p":"3511.56","q":"0.285","X":"MARKET","m":true}}
2024-07-23T16:32:12.594254Z info 8174 {"stream":"ethusdt@trade","data":{"e":"trade","E":1721723532655,"T":1721723532655,"s":"ETHUSDT","t":4229296773,"p":"3511.56","q":"1.424","X":"MARKET","m":true}}
2024-07-23T16:32:12.596459Z info 8174 {"stream":"ethusdt@trade","data":{"e":"trade","E":1721723532657,"T":1721723532657,"s":"ETHUSDT","t":4229296774,"p":"3511.57","q":"0.014","X":"MARKET","m":false}}
2024-07-23T16:32:12.596500Z info 8174 {"stream":"ethusdt@trade","data":{"e":"trade","E":1721723532657,"T":1721723532657,"s":"ETHUSDT","t":4229296775,"p":"3511.57","q":"0.014","X":"MARKET","m":false}}
2024-07-23T16:32:12.596531Z info 8174 {"stream":"ethusdt@trade","data":{"e":"trade","E":1721723532657,"T":1721723532657,"s":"ETHUSDT","t":4229296776,"p":"3511.57","q":"0.014","X":"MARKET","m":false}}
2024-07-23T16:32:12.596563Z info 8174 {"stream":"ethusdt@trade","data":{"e":"trade","E":1721723532657,"T":1721723532657,"s":"ETHUSDT","t":4229296777,"p":"3511.57","q":"0.014","X":"MARKET","m":false}}
2024-07-23T16:32:12.596594Z info 8174 {"stream":"ethusdt@trade","data":{"e":"trade","E":1721723532657,"T":1721723532657,"s":"ETHUSDT","t":4229296778,"p":"3511.57","q":"0.014","X":"MARKET","m":false}}
2024-07-23T16:32:12.596623Z info 8174 {"stream":"ethusdt@trade","data":{"e":"trade","E":1721723532657,"T":1721723532657,"s":"ETHUSDT","t":4229296779,"p":"3511.57","q":"0.014","X":"MARKET","m":false}}
2024-07-23T16:32:12.596652Z info 8174 {"stream":"ethusdt@trade","data":{"e":"trade","E":1721723532657,"T":1721723532657,"s":"ETHUSDT","t":4229296780,"p":"3511.57","q":"0.014","X":"MARKET","m":false}}
2024-07-23T16:32:12.598035Z info 8174 {"stream":"ethusdt@trade","data":{"e":"trade","E":1721723532658,"T":1721723532658,"s":"ETHUSDT","t":4229296781,"p":"3511.57","q":"0.014","X":"MARKET","m":false}}
2024-07-23T16:32:12.598071Z info 8174 {"stream":"ethusdt@trade","data":{"e":"trade","E":1721723532658,"T":1721723532658,"s":"ETHUSDT","t":4229296782,"p":"3511.57","q":"0.014","X":"MARKET","m":false}}
2024-07-23T16:32:12.598109Z info 8174 {"stream":"ethusdt@trade","data":{"e":"trade","E":1721723532658,"T":1721723532658,"s":"ETHUSDT","t":4229296783,"p":"3511.57","q":"0.008","X":"MARKET","m":false}}
2024-07-23T16:32:12.598129Z info 8174 {"stream":"ethusdt@trade","data":{"e":"trade","E":1721723532658,"T":1721723532658,"s":"ETHUSDT","t":4229296784,"p":"3511.57","q":"0.006","X":"MARKET","m":false}}
2024-07-23T16:32:12.598136Z info 8174 {"stream":"ethusdt@trade","data":{"e":"trade","E":1721723532658,"T":1721723532658,"s":"ETHUSDT","t":4229296785,"p":"3511.57","q":"0.001","X":"MARKET","m":false}}
2024-07-23T16:32:12.598141Z info 8174 {"stream":"ethusdt@trade","data":{"e":"trade","E":1721723532658,"T":1721723532658,"s":"ETHUSDT","t":4229296786,"p":"3511.57","q":"0.013","X":"MARKET","m":false}}
2024-07-23T16:32:12.598145Z info 8174 {"stream":"ethusdt@trade","data":{"e":"trade","E":1721723532658,"T":1721723532658,"s":"ETHUSDT","t":4229296787,"p":"3511.57","q":"0.014","X":"MARKET","m":false}}
2024-07-23T16:32:12.598150Z info 8174 {"stream":"ethusdt@trade","data":{"e":"trade","E":1721723532658,"T":1721723532658,"s":"ETHUSDT","t":4229296788,"p":"3511.57","q":"0.014","X":"MARKET","m":false}}
2024-07-23T16:32:12.598154Z info 8174 {"stream":"ethusdt@trade","data":{"e":"trade","E":1721723532658,"T":1721723532658,"s":"ETHUSDT","t":4229296789,"p":"3511.57","q":"0.014","X":"MARKET","m":false}}
2024-07-23T16:32:12.598159Z info 8174 {"stream":"ethusdt@trade","data":{"e":"trade","E":1721723532658,"T":1721723532658,"s":"ETHUSDT","t":4229296790,"p":"3511.57","q":"0.014","X":"MARKET","m":false}}
2024-07-23T16:32:12.598164Z info 8174 {"stream":"ethusdt@trade","data":{"e":"trade","E":1721723532658,"T":1721723532658,"s":"ETHUSDT","t":4229296791,"p":"3511.57","q":"0.014","X":"MARKET","m":false}}
2024-07-23T16:32:12.598168Z info 8174 {"stream":"ethusdt@trade","data":{"e":"trade","E":1721723532658,"T":1721723532658,"s":"ETHUSDT","t":4229296792,"p":"3511.57","q":"0.014","X":"MARKET","m":false}}
2024-07-23T16:32:12.598173Z info 8174 {"stream":"ethusdt@trade","data":{"e":"trade","E":1721723532658,"T":1721723532658,"s":"ETHUSDT","t":4229296793,"p":"3511.57","q":"0.014","X":"MARKET","m":false}}
2024-07-23T16:32:12.599268Z info 8174 {"stream":"ethusdt@trade","data":{"e":"trade","E":1721723532658,"T":1721723532658,"s":"ETHUSDT","t":4229296794,"p":"3511.57","q":"0.014","X":"MARKET","m":false}}
2024-07-23T16:32:12.599308Z info 8174 {"stream":"ethusdt@trade","data":{"e":"trade","E":1721723532659,"T":1721723532658,"s":"ETHUSDT","t":4229296795,"p":"3511.57","q":"0.014","X":"MARKET","m":false}}
2024-07-23T16:32:12.599340Z info 8174 {"stream":"ethusdt@trade","data":{"e":"trade","E":1721723532659,"T":1721723532658,"s":"ETHUSDT","t":4229296796,"p":"3511.57","q":"0.014","X":"MARKET","m":false}}
2024-07-23T16:32:12.599362Z info 8174 {"stream":"ethusdt@trade","data":{"e":"trade","E":1721723532659,"T":1721723532658,"s":"ETHUSDT","t":4229296797,"p":"3511.57","q":"0.014","X":"MARKET","m":false}}
2024-07-23T16:32:12.599393Z info 8174 {"stream":"ethusdt@trade","data":{"e":"trade","E":1721723532659,"T":1721723532659,"s":"ETHUSDT","t":4229296798,"p":"3511.57","q":"0.014","X":"MARKET","m":false}}
2024-07-23T16:32:12.599422Z info 8174 {"stream":"ethusdt@trade","data":{"e":"trade","E":1721723532659,"T":1721723532659,"s":"ETHUSDT","t":4229296799,"p":"3511.57","q":"0.014","X":"MARKET","m":false}}
2024-07-23T16:32:12.599443Z info 8174 {"stream":"ethusdt@trade","data":{"e":"trade","E":1721723532659,"T":1721723532659,"s":"ETHUSDT","t":4229296800,"p":"3511.57","q":"0.014","X":"MARKET","m":false}}
2024-07-23T16:32:12.599472Z info 8174 {"stream":"ethusdt@trade","data":{"e":"trade","E":1721723532659,"T":1721723532659,"s":"ETHUSDT","t":4229296801,"p":"3511.57","q":"0.014","X":"MARKET","m":false}}
2024-07-23T16:32:12.603344Z info 8174 {"stream":"ethusdt@trade","data":{"e":"trade","E":1721723532664,"T":1721723532663,"s":"ETHUSDT","t":4229296802,"p":"3511.57","q":"0.091","X":"MARKET","m":false}}
2024-07-23T16:32:12.603381Z info 8174 {"stream":"ethusdt@trade","data":{"e":"trade","E":1721723532664,"T":1721723532663,"s":"ETHUSDT","t":4229296803,"p":"3511.57","q":"0.377","X":"MARKET","m":false}}
2024-07-23T16:32:12.603412Z info 8174 {"stream":"ethusdt@trade","data":{"e":"trade","E":1721723532664,"T":1721723532663,"s":"ETHUSDT","t":4229296804,"p":"3511.57","q":"1.872","X":"MARKET","m":false}}
2024-07-23T16:32:12.603448Z info 8174 {"stream":"ethusdt@trade","data":{"e":"trade","E":1721723532664,"T":1721723532663,"s":"ETHUSDT","t":4229296805,"p":"3511.57","q":"0.400","X":"MARKET","m":false}}
2024-07-23T16:32:12.614377Z info 8174 {"stream":"ethusdt@trade","data":{"e":"trade","E":1721723532676,"T":1721723532675,"s":"ETHUSDT","t":4229296806,"p":"3511.57","q":"0.372","X":"MARKET","m":true}}
2024-07-23T16:32:12.621482Z info 8174 {"stream":"ethusdt@trade","data":{"e":"trade","E":1721723532682,"T":1721723532682,"s":"ETHUSDT","t":4229296807,"p":"3511.58","q":"0.050","X":"MARKET","m":false}}
2024-07-23T16:32:12.621520Z info 8174 {"stream":"ethusdt@trade","data":{"e":"trade","E":1721723532682,"T":1721723532682,"s":"ETHUSDT","t":4229296808,"p":"3511.58","q":"0.034","X":"MARKET","m":false}}
2024-07-23T16:32:12.621551Z info 8174 {"stream":"ethusdt@trade","data":{"e":"trade","E":1721723532682,"T":1721723532682,"s":"ETHUSDT","t":4229296809,"p":"3511.58","q":"0.006","X":"MARKET","m":false}}
2024-07-23T16:32:12.621588Z info 8174 {"stream":"ethusdt@trade","data":{"e":"trade","E":1721723532682,"T":1721723532682,"s":"ETHUSDT","t":4229296810,"p":"3511.58","q":"0.006","X":"MARKET","m":false}}
2024-07-23T16:32:12.621619Z info 8174 {"stream":"ethusdt@trade","data":{"e":"trade","E":1721723532682,"T":1721723532682,"s":"ETHUSDT","t":4229296811,"p":"3511.58","q":"0.007","X":"MARKET","m":false}}
2024-07-23T16:32:12.621650Z info 8174 {"stream":"ethusdt@trade","data":{"e":"trade","E":1721723532682,"T":1721723532682,"s":"ETHUSDT","t":4229296812,"p":"3511.60","q":"0.006","X":"MARKET","m":false}}
2024-07-23T16:32:12.621670Z info 8174 {"stream":"ethusdt@trade","data":{"e":"trade","E":1721723532682,"T":1721723532682,"s":"ETHUSDT","t":4229296813,"p":"3511.60","q":"0.015","X":"MARKET","m":false}}
2024-07-23T16:32:12.621701Z info 8174 {"stream":"ethusdt@trade","data":{"e":"trade","E":1721723532682,"T":1721723532682,"s":"ETHUSDT","t":4229296814,"p":"3511.60","q":"0.085","X":"MARKET","m":false}}
2024-07-23T16:32:12.621731Z info 8174 {"stream":"ethusdt@trade","data":{"e":"trade","E":1721723532682,"T":1721723532682,"s":"ETHUSDT","t":4229296815,"p":"3511.61","q":"0.010","X":"MARKET","m":false}}
2024-07-23T16:32:12.621762Z info 8174 {"stream":"ethusdt@trade","data":{"e":"trade","E":1721723532682,"T":1721723532682,"s":"ETHUSDT","t":4229296816,"p":"3511.61","q":"0.030","X":"MARKET","m":false}}
2024-07-23T16:32:12.621792Z info 8174 {"stream":"ethusdt@trade","data":{"e":"trade","E":1721723532682,"T":1721723532682,"s":"ETHUSDT","t":4229296817,"p":"3511.61","q":"0.010","X":"MARKET","m":false}}
2024-07-23T16:32:12.621822Z info 8174 {"stream":"ethusdt@trade","data":{"e":"trade","E":1721723532682,"T":1721723532682,"s":"ETHUSDT","t":4229296818,"p":"3511.61","q":"0.087","X":"MARKET","m":false}}
2024-07-23T16:32:12.621853Z info 8174 {"stream":"ethusdt@trade","data":{"e":"trade","E":1721723532682,"T":1721723532682,"s":"ETHUSDT","t":4229296819,"p":"3511.62","q":"0.052","X":"MARKET","m":false}}
2024-07-23T16:32:12.621887Z info 8174 {"stream":"ethusdt@trade","data":{"e":"trade","E":1721723532682,"T":1721723532682,"s":"ETHUSDT","t":4229296820,"p":"3511.62","q":"0.016","X":"MARKET","m":false}}
2024-07-23T16:32:12.621917Z info 8174 {"stream":"ethusdt@trade","data":{"e":"trade","E":1721723532682,"T":1721723532682,"s":"ETHUSDT","t":4229296821,"p":"3511.62","q":"0.075","X":"MARKET","m":false}}
2024-07-23T16:32:12.621947Z info 8174 {"stream":"ethusdt@trade","data":{"e":"trade","E":1721723532682,"T":1721723532682,"s":"ETHUSDT","t":4229296822,"p":"3511.63","q":"0.014","X":"MARKET","m":false}}
2024-07-23T16:32:12.621978Z info 8174 {"stream":"ethusdt@trade","data":{"e":"trade","E":1721723532682,"T":1721723532682,"s":"ETHUSDT","t":4229296823,"p":"3511.63","q":"0.009","X":"MARKET","m":false}}
2024-07-23T16:32:12.622009Z info 8174 {"stream":"ethusdt@trade","data":{"e":"trade","E":1721723532682,"T":1721723532682,"s":"ETHUSDT","t":4229296824,"p":"3511.63","q":"0.014","X":"MARKET","m":false}}
2024-07-23T16:32:12.622044Z info 8174 {"stream":"ethusdt@trade","data":{"e":"trade","E":1721723532682,"T":1721723532682,"s":"ETHUSDT","t":4229296825,"p":"3511.63","q":"0.007","X":"MARKET","m":false}}
2024-07-23T16:32:12.622074Z info 8174 {"stream":"ethusdt@trade","data":{"e":"trade","E":1721723532682,"T":1721723532682,"s":"ETHUSDT","t":4229296826,"p":"3511.63","q":"0.001","X":"MARKET","m":false}}
2024-07-23T16:32:12.634080Z info 8174 {"stream":"ethusdt@trade","data":{"e":"trade","E":1721723532695,"T":1721723532695,"s":"ETHUSDT","t":4229296827,"p":"3511.63","q":"0.007","X":"MARKET","m":false}}
2024-07-23T16:32:12.634121Z info 8174 {"stream":"ethusdt@trade","data":{"e":"trade","E":1721723532695,"T":1721723532695,"s":"ETHUSDT","t":4229296828,"p":"3511.63","q":"0.007","X":"MARKET","m":false}}
2024-07-23T16:32:12.645990Z info 8174 {"stream":"ethusdt@trade","data":{"e":"trade","E":1721723532706,"T":1721723532705,"s":"ETHUSDT","t":4229296829,"p":"3511.64","q":"0.100","X":"MARKET","m":false}}
2024-07-23T16:32:12.646024Z info 8174 {"stream":"ethusdt@trade","data":{"e":"trade","E":1721723532706,"T":1721723532705,"s":"ETHUSDT","t":4229296830,"p":"3511.64","q":"0.400","X":"MARKET","m":false}}
2024-07-23T16:32:12.646056Z info 8174 {"stream":"ethusdt@trade","data":{"e":"trade","E":1721723532706,"T":1721723532705,"s":"ETHUSDT","t":4229296831,"p":"3511.64","q":"0.200","X":"MARKET","m":false}}
2024-07-23T16:32:12.646086Z info 8174 {"stream":"ethusdt@trade","data":{"e":"trade","E":1721723532706,"T":1721723532705,"s":"ETHUSDT","t":4229296832,"p":"3511.65","q":"0.142","X":"MARKET","m":false}}
2024-07-23T16:32:12.646118Z info 8174 {"stream":"ethusdt@trade","data":{"e":"trade","E":1721723532706,"T":1721723532705,"s":"ETHUSDT","t":4229296833,"p":"3511.65","q":"0.045","X":"MARKET","m":false}}
2024-07-23T16:32:12.646150Z info 8174 {"stream":"ethusdt@trade","data":{"e":"trade","E":1721723532706,"T":1721723532705,"s":"ETHUSDT","t":4229296834,"p":"3511.65","q":"0.006","X":"MARKET","m":false}}
2024-07-23T16:32:12.646182Z info 8174 {"stream":"ethusdt@trade","data":{"e":"trade","E":1721723532706,"T":1721723532705,"s":"ETHUSDT","t":4229296835,"p":"3511.66","q":"0.534","X":"MARKET","m":false}}
2024-07-23T16:32:12.646214Z info 8174 {"stream":"ethusdt@trade","data":{"e":"trade","E":1721723532706,"T":1721723532705,"s":"ETHUSDT","t":4229296836,"p":"3511.66","q":"0.007","X":"MARKET","m":false}}
2024-07-23T16:32:12.646245Z info 8174 {"stream":"ethusdt@trade","data":{"e":"trade","E":1721723532706,"T":1721723532705,"s":"ETHUSDT","t":4229296837,"p":"3511.66","q":"0.006","X":"MARKET","m":false}}
2024-07-23T16:32:12.646276Z info 8174 {"stream":"ethusdt@trade","data":{"e":"trade","E":1721723532706,"T":1721723532705,"s":"ETHUSDT","t":4229296838,"p":"3511.66","q":"0.006","X":"MARKET","m":false}}
2024-07-23T16:32:12.646308Z info 8174 {"stream":"ethusdt@trade","data":{"e":"trade","E":1721723532706,"T":1721723532705,"s":"ETHUSDT","t":4229296839,"p":"3511.66","q":"0.006","X":"MARKET","m":false}}
2024-07-23T16:32:12.646339Z info 8174 {"stream":"ethusdt@trade","data":{"e":"trade","E":1721723532706,"T":1721723532705,"s":"ETHUSDT","t":4229296840,"p":"3511.66","q":"0.006","X":"MARKET","m":false}}
2024-07-23T16:32:12.646370Z info 8174 {"stream":"ethusdt@trade","data":{"e":"trade","E":1721723532706,"T":1721723532705,"s":"ETHUSDT","t":4229296841,"p":"3511.67","q":"0.265","X":"MARKET","m":false}}
2024-07-23T16:32:12.646401Z info 8174 {"stream":"ethusdt@trade","data":{"e":"trade","E":1721723532706,"T":1721723532705,"s":"ETHUSDT","t":4229296842,"p":"3511.68","q":"1.110","X":"MARKET","m":false}}
2024-07-23T16:32:12.646433Z info 8174 {"stream":"ethusdt@trade","data":{"e":"trade","E":1721723532706,"T":1721723532705,"s":"ETHUSDT","t":4229296843,"p":"3511.63","q":"0.018","X":"MARKET","m":true}}
2024-07-23T16:32:12.647460Z info 8174 {"stream":"ethusdt@trade","data":{"e":"trade","E":1721723532709,"T":1721723532708,"s":"ETHUSDT","t":4229296844,"p":"3511.68","q":"0.674","X":"MARKET","m":false}}
2024-07-23T16:32:12.647492Z info 8174 {"stream":"ethusdt@trade","data":{"e":"trade","E":1721723532709,"T":1721723532709,"s":"ETHUSDT","t":4229296845,"p":"3511.66","q":"1.537","X":"MARKET","m":true}}
2024-07-23T16:32:12.663612Z info 8174 {"stream":"ethusdt@trade","data":{"e":"trade","E":1721723532724,"T":1721723532724,"s":"ETHUSDT","t":4229296846,"p":"3511.68","q":"0.216","X":"MARKET","m":false}}
2024-07-23T16:32:12.663638Z info 8174 {"stream":"ethusdt@trade","data":{"e":"trade","E":1721723532724,"T":1721723532724,"s":"ETHUSDT","t":4229296847,"p":"3511.68","q":"0.006","X":"MARKET","m":false}}
2024-07-23T16:32:12.663668Z info 8174 {"stream":"ethusdt@trade","data":{"e":"trade","E":1721723532724,"T":1721723532724,"s":"ETHUSDT","t":4229296848,"p":"3511.68","q":"0.430","X":"MARKET","m":false}}
2024-07-23T16:32:12.663690Z info 8174 {"stream":"ethusdt@trade","data":{"e":"trade","E":1721723532724,"T":1721723532724,"s":"ETHUSDT","t":4229296849,"p":"3511.68","q":"0.007","X":"MARKET","m":false}}
2024-07-23T16:32:12.663710Z info 8174 {"stream":"ethusdt@trade","data":{"e":"trade","E":1721723532724,"T":1721723532724,"s":"ETHUSDT","t":4229296850,"p":"3511.68","q":"0.007","X":"MARKET","m":false}}
2024-07-23T16:32:12.663742Z info 8174 {"stream":"ethusdt@trade","data":{"e":"trade","E":1721723532724,"T":1721723532724,"s":"ETHUSDT","t":4229296851,"p":"3511.68","q":"2.000","X":"MARKET","m":false}}
2024-07-23T16:32:12.671359Z info 8174 {"stream":"ethusdt@trade","data":{"e":"trade","E":1721723532732,"T":1721723532732,"s":"ETHUSDT","t":4229296852,"p":"3511.70","q":"1.147","X":"MARKET","m":true}}
2024-07-23T16:32:12.681567Z info 8174 {"stream":"ethusdt@trade","data":{"e":"trade","E":1721723532742,"T":1721723532741,"s":"ETHUSDT","t":4229296853,"p":"3511.71","q":"0.373","X":"MARKET","m":false}}
2024-07-23T16:32:12.681605Z info 8174 {"stream":"ethusdt@trade","data":{"e":"trade","E":1721723532742,"T":1721723532741,"s":"ETHUSDT","t":4229296854,"p":"3511.71","q":"0.007","X":"MARKET","m":false}}
2024-07-23T16:32:12.681642Z info 8174 {"stream":"ethusdt@trade","data":{"e":"trade","E":1721723532742,"T":1721723532741,"s":"ETHUSDT","t":4229296855,"p":"3511.71","q":"0.200","X":"MARKET","m":false}}
2024-07-23T16:32:12.681673Z info 8174 {"stream":"ethusdt@trade","data":{"e":"trade","E":1721723532742,"T":1721723532741,"s":"ETHUSDT","t":4229296856,"p":"3511.72","q":"0.400","X":"MARKET","m":false}}
2024-07-23T16:32:12.681964Z info 8174 {"stream":"xrpusdt@trade","data":{"e":"trade","E":1721723532743,"T":1721723532742,"s":"XRPUSDT","t":1535426600,"p":"0.5996","q":"2217.1","X":"MARKET","m":false}}
2024-07-23T16:32:12.682001Z info 8174 {"stream":"xrpusdt@trade","data":{"e":"trade","E":1721723532743,"T":1721723532742,"s":"XRPUSDT","t":1535426601,"p":"0.5996","q":"8.4","X":"MARKET","m":false}}
2024-07-23T16:32:12.682033Z info 8174 {"stream":"xrpusdt@trade","data":{"e":"trade","E":1721723532743,"T":1721723532742,"s":"XRPUSDT","t":1535426602,"p":"0.5996","q":"336.0","X":"MARKET","m":false}}
2024-07-23T16:32:12.682069Z info 8174 {"stream":"xrpusdt@trade","data":{"e":"trade","E":1721723532743,"T":1721723532742,"s":"XRPUSDT","t":1535426603,"p":"0.5996","q":"326.1","X":"MARKET","m":false}}
2024-07-23T16:32:12.682101Z info 8174 {"stream":"xrpusdt@trade","data":{"e":"trade","E":1721723532743,"T":1721723532742,"s":"XRPUSDT","t":1535426604,"p":"0.5996","q":"15.0","X":"MARKET","m":false}}
2024-07-23T16:32:12.682137Z info 8174 {"stream":"xrpusdt@trade","data":{"e":"trade","E":1721723532743,"T":1721723532742,"s":"XRPUSDT","t":1535426605,"p":"0.5996","q":"154.1","X":"MARKET","m":false}}
2024-07-23T16:32:12.682168Z info 8174 {"stream":"xrpusdt@trade","data":{"e":"trade","E":1721723532743,"T":1721723532742,"s":"XRPUSDT","t":1535426606,"p":"0.5996","q":"1480.9","X":"MARKET","m":false}}
2024-07-23T16:32:12.682199Z info 8174 {"stream":"xrpusdt@trade","data":{"e":"trade","E":1721723532743,"T":1721723532742,"s":"XRPUSDT","t":1535426607,"p":"0.5996","q":"10.1","X":"MARKET","m":false}}
2024-07-23T16:32:12.682231Z info 8174 {"stream":"xrpusdt@trade","data":{"e":"trade","E":1721723532743,"T":1721723532742,"s":"XRPUSDT","t":1535426608,"p":"0.5996","q":"2224.4","X":"MARKET","m":false}}
2024-07-23T16:32:12.682263Z info 8174 {"stream":"xrpusdt@trade","data":{"e":"trade","E":1721723532743,"T":1721723532742,"s":"XRPUSDT","t":1535426609,"p":"0.5996","q":"654.5","X":"MARKET","m":false}}
2024-07-23T16:32:12.683190Z info 8174 {"stream":"xrpusdt@trade","data":{"e":"trade","E":1721723532744,"T":1721723532744,"s":"XRPUSDT","t":1535426610,"p":"0.5996","q":"246.1","X":"MARKET","m":false}}
2024-07-23T16:32:12.683383Z info 8174 {"stream":"xrpusdt@trade","data":{"e":"trade","E":1721723532744,"T":1721723532744,"s":"XRPUSDT","t":1535426611,"p":"0.5996","q":"508.3","X":"MARKET","m":false}}
2024-07-23T16:32:12.687088Z info 8174 {"stream":"ethusdt@trade","data":{"e":"trade","E":1721723532748,"T":1721723532748,"s":"ETHUSDT","t":4229296857,"p":"3511.73","q":"3.392","X":"MARKET","m":false}}
2024-07-23T16:32:12.689055Z info 8174 {"stream":"ethusdt@trade","data":{"e":"trade","E":1721723532750,"T":1721723532749,"s":"ETHUSDT","t":4229296858,"p":"3511.73","q":"2.266","X":"MARKET","m":false}}
2024-07-23T16:32:12.689086Z info 8174 {"stream":"ethusdt@trade","data":{"e":"trade","E":1721723532750,"T":1721723532749,"s":"ETHUSDT","t":4229296859,"p":"3511.74","q":"0.006","X":"MARKET","m":false}}
2024-07-23T16:32:12.689122Z info 8174 {"stream":"ethusdt@trade","data":{"e":"trade","E":1721723532750,"T":1721723532749,"s":"ETHUSDT","t":4229296860,"p":"3511.75","q":"0.301","X":"MARKET","m":false}}
2024-07-23T16:32:12.730299Z info 8174 {"stream":"ethusdt@trade","data":{"e":"trade","E":1721723532791,"T":1721723532791,"s":"ETHUSDT","t":4229296861,"p":"3511.74","q":"0.070","X":"MARKET","m":true}}
