{"data":{"E":"2024-07-19 08:36:52.341","T":"2024-07-19 08:36:52.188","a":430777390,"e":"aggTrade","f":1530384510,"l":1530384510,"m":true,"p":"0.5506","q":"25.0","s":"XRPUSDT"},"received_t":"2024-07-19 08:36:52.349957978","stream":"xrpusdt@aggTrade"}
{"id":1,"received_t":"2024-07-19 08:36:52.388587650","result":null}
{"data":{"E":"2024-07-19 08:36:52.666","T":"2024-07-19 08:36:52.666","X":"MARKET","e":"trade","m":true,"p":"0.5506","q":"9.3","s":"XRPUSDT","t":1530384511},"received_t":"2024-07-19 08:36:52.675477464","stream":"xrpusdt@trade"}
{"data":{"E":"2024-07-19 08:36:52.666","T":"2024-07-19 08:36:52.666","X":"MARKET","e":"trade","m":true,"p":"0.5506","q":"4290.3","s":"XRPUSDT","t":1530384512},"received_t":"2024-07-19 08:36:52.675759656","stream":"xrpusdt@trade"}
{"data":{"E":"2024-07-19 08:36:52.666","T":"2024-07-19 08:36:52.666","X":"MARKET","e":"trade","m":true,"p":"0.5506","q":"763.0","s":"XRPUSDT","t":1530384513},"received_t":"2024-07-19 08:36:52.676017458","stream":"xrpusdt@trade"}
{"data":{"E":"2024-07-19 08:36:52.666","T":"2024-07-19 08:36:52.666","X":"MARKET","e":"trade","m":true,"p":"0.5506","q":"5110.6","s":"XRPUSDT","t":1530384514},"received_t":"2024-07-19 08:36:52.676245317","stream":"xrpusdt@trade"}
{"data":{"E":"2024-07-19 08:36:52.666","T":"2024-07-19 08:36:52.666","X":"MARKET","e":"trade","m":true,"p":"0.5506","q":"1978.9","s":"XRPUSDT","t":1530384515},"received_t":"2024-07-19 08:36:52.676473088","stream":"xrpusdt@trade"}
{"data":{"E":"2024-07-19 08:36:52.666","T":"2024-07-19 08:36:52.666","X":"MARKET","e":"trade","m":true,"p":"0.5506","q":"30.0","s":"XRPUSDT","t":1530384516},"received_t":"2024-07-19 08:36:52.676673334","stream":"xrpusdt@trade"}
{"data":{"E":"2024-07-19 08:36:52.751","T":"2024-07-19 08:36:52.751","X":"MARKET","e":"trade","m":true,"p":"0.5505","q":"105.3","s":"XRPUSDT","t":1530384517},"received_t":"2024-07-19 08:36:52.760748235","stream":"xrpusdt@trade"}
{"data":{"E":"2024-07-19 08:36:52.751","T":"2024-07-19 08:36:52.751","X":"MARKET","e":"trade","m":true,"p":"0.5505","q":"35.5","s":"XRPUSDT","t":1530384518},"received_t":"2024-07-19 08:36:52.761044179","stream":"xrpusdt@trade"}
{"data":{"E":"2024-07-19 08:36:52.751","T":"2024-07-19 08:36:52.751","X":"MARKET","e":"trade","m":true,"p":"0.5505","q":"30.0","s":"XRPUSDT","t":1530384519},"received_t":"2024-07-19 08:36:52.761353590","stream":"xrpusdt@trade"}
{"data":{"E":"2024-07-19 08:36:52.751","T":"2024-07-19 08:36:52.751","X":"MARKET","e":"trade","m":true,"p":"0.5505","q":"141.1","s":"XRPUSDT","t":1530384520},"received_t":"2024-07-19 08:36:52.761626003","stream":"xrpusdt@trade"}
{"data":{"E":"2024-07-19 08:36:52.751","T":"2024-07-19 08:36:52.751","X":"MARKET","e":"trade","m":true,"p":"0.5505","q":"9.1","s":"XRPUSDT","t":1530384521},"received_t":"2024-07-19 08:36:52.761885945","stream":"xrpusdt@trade"}
{"data":{"E":"2024-07-19 08:36:52.751","T":"2024-07-19 08:36:52.751","X":"MARKET","e":"trade","m":true,"p":"0.5505","q":"18.0","s":"XRPUSDT","t":1530384522},"received_t":"2024-07-19 08:36:52.762112941","stream":"xrpusdt@trade"}
{"data":{"E":"2024-07-19 08:36:52.751","T":"2024-07-19 08:36:52.751","X":"MARKET","e":"trade","m":true,"p":"0.5505","q":"9.3","s":"XRPUSDT","t":1530384523},"received_t":"2024-07-19 08:36:52.762322025","stream":"xrpusdt@trade"}
{"data":{"E":"2024-07-19 08:36:52.751","T":"2024-07-19 08:36:52.751","X":"MARKET","e":"trade","m":true,"p":"0.5505","q":"30.0","s":"XRPUSDT","t":1530384524},"received_t":"2024-07-19 08:36:52.762513663","stream":"xrpusdt@trade"}
{"data":{"E":"2024-07-19 08:36:52.751","T":"2024-07-19 08:36:52.751","X":"MARKET","e":"trade","m":true,"p":"0.5505","q":"125.2","s":"XRPUSDT","t":1530384525},"received_t":"2024-07-19 08:36:52.762716049","stream":"xrpusdt@trade"}
{"data":{"E":"2024-07-19 08:36:52.751","T":"2024-07-19 08:36:52.751","X":"MARKET","e":"trade","m":true,"p":"0.5505","q":"10.9","s":"XRPUSDT","t":1530384526},"received_t":"2024-07-19 08:36:52.762906887","stream":"xrpusdt@trade"}
{"data":{"E":"2024-07-19 08:36:52.751","T":"2024-07-19 08:36:52.751","X":"MARKET","e":"trade","m":true,"p":"0.5505","q":"30.6","s":"XRPUSDT","t":1530384527},"received_t":"2024-07-19 08:36:52.763107746","stream":"xrpusdt@trade"}
{"data":{"E":"2024-07-19 08:36:52.753","T":"2024-07-19 08:36:52.666","a":430777391,"e":"aggTrade","f":1530384511,"l":1530384516,"m":true,"p":"0.5506","q":"12182.1","s":"XRPUSDT"},"received_t":"2024-07-19 08:36:52.763356715","stream":"xrpusdt@aggTrade"}
{"data":{"E":"2024-07-19 08:36:52.904","T":"2024-07-19 08:36:52.751","a":430777392,"e":"aggTrade","f":1530384517,"l":1530384527,"m":true,"p":"0.5505","q":"545.0","s":"XRPUSDT"},"received_t":"2024-07-19 08:36:52.913041408","stream":"xrpusdt@aggTrade"}
{"data":{"E":"2024-07-19 08:36:53.080","T":"2024-07-19 08:36:53.080","X":"MARKET","e":"trade","m":true,"p":"0.5505","q":"219.8","s":"XRPUSDT","t":1530384528},"received_t":"2024-07-19 08:36:53.089267133","stream":"xrpusdt@trade"}
{"data":{"E":"2024-07-19 08:36:53.233","T":"2024-07-19 08:36:53.080","a":430777393,"e":"aggTrade","f":1530384528,"l":1530384528,"m":true,"p":"0.5505","q":"219.8","s":"XRPUSDT"},"received_t":"2024-07-19 08:36:53.242103255","stream":"xrpusdt@aggTrade"}
{"data":{"E":"2024-07-19 08:36:53.600","T":"2024-07-19 08:36:53.600","X":"MARKET","e":"trade","m":true,"p":"0.5505","q":"139.5","s":"XRPUSDT","t":1530384529},"received_t":"2024-07-19 08:36:53.609798090","stream":"xrpusdt@trade"}
{"data":{"E":"2024-07-19 08:36:53.600","T":"2024-07-19 08:36:53.600","X":"MARKET","e":"trade","m":true,"p":"0.5505","q":"17.9","s":"XRPUSDT","t":1530384530},"received_t":"2024-07-19 08:36:53.610090090","stream":"xrpusdt@trade"}
{"data":{"E":"2024-07-19 08:36:53.600","T":"2024-07-19 08:36:53.600","X":"MARKET","e":"trade","m":true,"p":"0.5505","q":"9.6","s":"XRPUSDT","t":1530384531},"received_t":"2024-07-19 08:36:53.610360950","stream":"xrpusdt@trade"}
{"data":{"E":"2024-07-19 08:36:53.600","T":"2024-07-19 08:36:53.600","X":"MARKET","e":"trade","m":true,"p":"0.5505","q":"181.0","s":"XRPUSDT","t":1530384532},"received_t":"2024-07-19 08:36:53.610604471","stream":"xrpusdt@trade"}
{"data":{"E":"2024-07-19 08:36:53.753","T":"2024-07-19 08:36:53.600","a":430777394,"e":"aggTrade","f":1530384529,"l":1530384532,"m":true,"p":"0.5505","q":"348.0","s":"XRPUSDT"},"received_t":"2024-07-19 08:36:53.763167319","stream":"xrpusdt@aggTrade"}
{"data":{"E":"2024-07-19 08:36:53.780","T":"2024-07-19 08:36:53.780","X":"MARKET","e":"trade","m":false,"p":"0.5506","q":"100.0","s":"XRPUSDT","t":1530384533},"received_t":"2024-07-19 08:36:53.789363743","stream":"xrpusdt@trade"}
{"data":{"E":"2024-07-19 08:36:53.818","T":"2024-07-19 08:36:53.818","X":"MARKET","e":"trade","m":true,"p":"0.5505","q":"5480.4","s":"XRPUSDT","t":1530384534},"received_t":"2024-07-19 08:36:53.827984320","stream":"xrpusdt@trade"}
{"data":{"E":"2024-07-19 08:36:53.818","T":"2024-07-19 08:36:53.818","X":"MARKET","e":"trade","m":true,"p":"0.5505","q":"13.5","s":"XRPUSDT","t":1530384535},"received_t":"2024-07-19 08:36:53.828230848","stream":"xrpusdt@trade"}
{"data":{"E":"2024-07-19 08:36:53.818","T":"2024-07-19 08:36:53.818","X":"MARKET","e":"trade","m":true,"p":"0.5505","q":"83.8","s":"XRPUSDT","t":1530384536},"received_t":"2024-07-19 08:36:53.828482480","stream":"xrpusdt@trade"}
{"data":{"E":"2024-07-19 08:36:53.818","T":"2024-07-19 08:36:53.818","X":"MARKET","e":"trade","m":true,"p":"0.5505","q":"172.7","s":"XRPUSDT","t":1530384537},"received_t":"2024-07-19 08:36:53.828697956","stream":"xrpusdt@trade"}
{"data":{"E":"2024-07-19 08:36:53.818","T":"2024-07-19 08:36:53.818","X":"MARKET","e":"trade","m":true,"p":"0.5505","q":"15.9","s":"XRPUSDT","t":1530384538},"received_t":"2024-07-19 08:36:53.828901695","stream":"xrpusdt@trade"}
{"data":{"E":"2024-07-19 08:36:53.818","T":"2024-07-19 08:36:53.818","X":"MARKET","e":"trade","m":true,"p":"0.5505","q":"18777.3","s":"XRPUSDT","t":1530384539},"received_t":"2024-07-19 08:36:53.829080671","stream":"xrpusdt@trade"}
{"data":{"E":"2024-07-19 08:36:53.818","T":"2024-07-19 08:36:53.818","X":"MARKET","e":"trade","m":true,"p":"0.5505","q":"4226.5","s":"XRPUSDT","t":1530384540},"received_t":"2024-07-19 08:36:53.829319281","stream":"xrpusdt@trade"}
{"data":{"E":"2024-07-19 08:36:53.818","T":"2024-07-19 08:36:53.818","X":"MARKET","e":"trade","m":true,"p":"0.5505","q":"9.8","s":"XRPUSDT","t":1530384541},"received_t":"2024-07-19 08:36:53.829555275","stream":"xrpusdt@trade"}
{"data":{"E":"2024-07-19 08:36:53.818","T":"2024-07-19 08:36:53.818","X":"MARKET","e":"trade","m":true,"p":"0.5505","q":"30.0","s":"XRPUSDT","t":1530384542},"received_t":"2024-07-19 08:36:53.829766864","stream":"xrpusdt@trade"}
{"data":{"E":"2024-07-19 08:36:53.818","T":"2024-07-19 08:36:53.818","X":"MARKET","e":"trade","m":true,"p":"0.5505","q":"32.6","s":"XRPUSDT","t":1530384543},"received_t":"2024-07-19 08:36:53.829960493","stream":"xrpusdt@trade"}
{"data":{"E":"2024-07-19 08:36:53.818","T":"2024-07-19 08:36:53.818","X":"MARKET","e":"trade","m":true,"p":"0.5505","q":"2011.5","s":"XRPUSDT","t":1530384544},"received_t":"2024-07-19 08:36:53.830130766","stream":"xrpusdt@trade"}
{"data":{"E":"2024-07-19 08:36:53.820","T":"2024-07-19 08:36:53.780","a":430777395,"e":"aggTrade","f":1530384533,"l":1530384533,"m":false,"p":"0.5506","q":"100.0","s":"XRPUSDT"},"received_t":"2024-07-19 08:36:53.830357729","stream":"xrpusdt@aggTrade"}
{"data":{"E":"2024-07-19 08:36:53.845","T":"2024-07-19 08:36:53.845","X":"MARKET","e":"trade","m":false,"p":"0.5505","q":"261.3","s":"XRPUSDT","t":1530384545},"received_t":"2024-07-19 08:36:53.854962198","stream":"xrpusdt@trade"}
{"data":{"E":"2024-07-19 08:36:53.846","T":"2024-07-19 08:36:53.818","a":430777396,"e":"aggTrade","f":1530384534,"l":1530384544,"m":true,"p":"0.5505","q":"30854.0","s":"XRPUSDT"},"received_t":"2024-07-19 08:36:53.855295333","stream":"xrpusdt@aggTrade"}
{"data":{"E":"2024-07-19 08:36:53.870","T":"2024-07-19 08:36:53.869","X":"MARKET","e":"trade","m":false,"p":"0.5505","q":"10.0","s":"XRPUSDT","t":1530384546},"received_t":"2024-07-19 08:36:53.879015358","stream":"xrpusdt@trade"}
{"data":{"E":"2024-07-19 08:36:53.880","T":"2024-07-19 08:36:53.880","X":"MARKET","e":"trade","m":false,"p":"0.5505","q":"1000.0","s":"XRPUSDT","t":1530384547},"received_t":"2024-07-19 08:36:53.889222233","stream":"xrpusdt@trade"}
{"data":{"E":"2024-07-19 08:36:53.996","T":"2024-07-19 08:36:53.995","X":"MARKET","e":"trade","m":true,"p":"0.5504","q":"18.8","s":"XRPUSDT","t":1530384548},"received_t":"2024-07-19 08:36:54.006123364","stream":"xrpusdt@trade"}
{"data":{"E":"2024-07-19 08:36:53.996","T":"2024-07-19 08:36:53.995","X":"MARKET","e":"trade","m":true,"p":"0.5504","q":"9.3","s":"XRPUSDT","t":1530384549},"received_t":"2024-07-19 08:36:54.006425770","stream":"xrpusdt@trade"}
{"data":{"E":"2024-07-19 08:36:53.996","T":"2024-07-19 08:36:53.995","X":"MARKET","e":"trade","m":true,"p":"0.5504","q":"2558.2","s":"XRPUSDT","t":1530384550},"received_t":"2024-07-19 08:36:54.006662011","stream":"xrpusdt@trade"}
{"data":{"E":"2024-07-19 08:36:53.997","T":"2024-07-19 08:36:53.845","a":430777397,"e":"aggTrade","f":1530384545,"l":1530384547,"m":false,"p":"0.5505","q":"1271.3","s":"XRPUSDT"},"received_t":"2024-07-19 08:36:54.006909463","stream":"xrpusdt@aggTrade"}
{"data":{"E":"2024-07-19 08:36:54.051","T":"2024-07-19 08:36:54.050","X":"MARKET","e":"trade","m":true,"p":"0.5504","q":"9.1","s":"XRPUSDT","t":1530384551},"received_t":"2024-07-19 08:36:54.062690538","stream":"xrpusdt@trade"}
{"data":{"E":"2024-07-19 08:36:54.051","T":"2024-07-19 08:36:54.050","X":"MARKET","e":"trade","m":true,"p":"0.5504","q":"30.0","s":"XRPUSDT","t":1530384552},"received_t":"2024-07-19 08:36:54.062952278","stream":"xrpusdt@trade"}
{"data":{"E":"2024-07-19 08:36:54.051","T":"2024-07-19 08:36:54.050","X":"MARKET","e":"trade","m":true,"p":"0.5504","q":"332.0","s":"XRPUSDT","t":1530384553},"received_t":"2024-07-19 08:36:54.063160359","stream":"xrpusdt@trade"}
{"data":{"E":"2024-07-19 08:36:54.051","T":"2024-07-19 08:36:54.050","X":"MARKET","e":"trade","m":true,"p":"0.5504","q":"182.0","s":"XRPUSDT","t":1530384554},"received_t":"2024-07-19 08:36:54.063368765","stream":"xrpusdt@trade"}
{"data":{"E":"2024-07-19 08:36:54.051","T":"2024-07-19 08:36:54.050","X":"MARKET","e":"trade","m":true,"p":"0.5504","q":"606.2","s":"XRPUSDT","t":1530384555},"received_t":"2024-07-19 08:36:54.063570591","stream":"xrpusdt@trade"}
{"data":{"E":"2024-07-19 08:36:54.051","T":"2024-07-19 08:36:54.050","X":"MARKET","e":"trade","m":true,"p":"0.5504","q":"151.6","s":"XRPUSDT","t":1530384556},"received_t":"2024-07-19 08:36:54.063797974","stream":"xrpusdt@trade"}
{"data":{"E":"2024-07-19 08:36:54.051","T":"2024-07-19 08:36:54.050","X":"MARKET","e":"trade","m":true,"p":"0.5504","q":"21.6","s":"XRPUSDT","t":1530384557},"received_t":"2024-07-19 08:36:54.063983598","stream":"xrpusdt@trade"}
{"data":{"E":"2024-07-19 08:36:54.051","T":"2024-07-19 08:36:54.050","X":"MARKET","e":"trade","m":true,"p":"0.5504","q":"9.6","s":"XRPUSDT","t":1530384558},"received_t":"2024-07-19 08:36:54.064197553","stream":"xrpusdt@trade"}
{"data":{"E":"2024-07-19 08:36:54.051","T":"2024-07-19 08:36:54.050","X":"MARKET","e":"trade","m":true,"p":"0.5504","q":"189.6","s":"XRPUSDT","t":1530384559},"received_t":"2024-07-19 08:36:54.064407709","stream":"xrpusdt@trade"}
{"data":{"E":"2024-07-19 08:36:54.051","T":"2024-07-19 08:36:54.050","X":"MARKET","e":"trade","m":true,"p":"0.5504","q":"318.7","s":"XRPUSDT","t":1530384560},"received_t":"2024-07-19 08:36:54.064592337","stream":"xrpusdt@trade"}
{"data":{"E":"2024-07-19 08:36:54.051","T":"2024-07-19 08:36:54.050","X":"MARKET","e":"trade","m":true,"p":"0.5504","q":"454.0","s":"XRPUSDT","t":1530384561},"received_t":"2024-07-19 08:36:54.064825218","stream":"xrpusdt@trade"}
{"data":{"E":"2024-07-19 08:36:54.051","T":"2024-07-19 08:36:54.050","X":"MARKET","e":"trade","m":true,"p":"0.5504","q":"454.0","s":"XRPUSDT","t":1530384562},"received_t":"2024-07-19 08:36:54.065022778","stream":"xrpusdt@trade"}
{"data":{"E":"2024-07-19 08:36:54.051","T":"2024-07-19 08:36:54.050","X":"MARKET","e":"trade","m":true,"p":"0.5504","q":"10.9","s":"XRPUSDT","t":1530384563},"received_t":"2024-07-19 08:36:54.065198107","stream":"xrpusdt@trade"}
{"data":{"E":"2024-07-19 08:36:54.051","T":"2024-07-19 08:36:54.050","X":"MARKET","e":"trade","m":true,"p":"0.5504","q":"4283.6","s":"XRPUSDT","t":1530384564},"received_t":"2024-07-19 08:36:54.065371800","stream":"xrpusdt@trade"}
{"data":{"E":"2024-07-19 08:36:54.051","T":"2024-07-19 08:36:54.050","X":"MARKET","e":"trade","m":true,"p":"0.5504","q":"2361.8","s":"XRPUSDT","t":1530384565},"received_t":"2024-07-19 08:36:54.065532322","stream":"xrpusdt@trade"}
{"data":{"E":"2024-07-19 08:36:54.051","T":"2024-07-19 08:36:54.050","X":"MARKET","e":"trade","m":true,"p":"0.5504","q":"21.1","s":"XRPUSDT","t":1530384566},"received_t":"2024-07-19 08:36:54.065709211","stream":"xrpusdt@trade"}
{"data":{"E":"2024-07-19 08:36:54.051","T":"2024-07-19 08:36:54.051","X":"MARKET","e":"trade","m":true,"p":"0.5504","q":"432.9","s":"XRPUSDT","t":1530384567},"received_t":"2024-07-19 08:36:54.065918825","stream":"xrpusdt@trade"}
{"data":{"E":"2024-07-19 08:36:54.051","T":"2024-07-19 08:36:54.051","X":"MARKET","e":"trade","m":true,"p":"0.5504","q":"30.0","s":"XRPUSDT","t":1530384568},"received_t":"2024-07-19 08:36:54.066092534","stream":"xrpusdt@trade"}
{"data":{"E":"2024-07-19 08:36:54.051","T":"2024-07-19 08:36:54.051","X":"MARKET","e":"trade","m":true,"p":"0.5504","q":"359.3","s":"XRPUSDT","t":1530384569},"received_t":"2024-07-19 08:36:54.066307226","stream":"xrpusdt@trade"}
{"data":{"E":"2024-07-19 08:36:54.080","T":"2024-07-19 08:36:53.995","a":430777398,"e":"aggTrade","f":1530384548,"l":1530384569,"m":true,"p":"0.5504","q":"12844.3","s":"XRPUSDT"},"received_t":"2024-07-19 08:36:54.089063506","stream":"xrpusdt@aggTrade"}
{"data":{"E":"2024-07-19 08:36:54.078","T":"2024-07-19 08:36:54.077","X":"MARKET","e":"trade","m":false,"p":"0.5504","q":"0.4","s":"XRPUSDT","t":1530384570},"received_t":"2024-07-19 08:36:54.099031866","stream":"xrpusdt@trade"}
{"data":{"E":"2024-07-19 08:36:54.231","T":"2024-07-19 08:36:54.077","a":430777399,"e":"aggTrade","f":1530384570,"l":1530384570,"m":false,"p":"0.5504","q":"0.4","s":"XRPUSDT"},"received_t":"2024-07-19 08:36:54.240177870","stream":"xrpusdt@aggTrade"}
{"data":{"E":"2024-07-19 08:36:54.236","T":"2024-07-19 08:36:54.236","X":"MARKET","e":"trade","m":false,"p":"0.5504","q":"9677.4","s":"XRPUSDT","t":1530384571},"received_t":"2024-07-19 08:36:54.245889558","stream":"xrpusdt@trade"}
{"data":{"E":"2024-07-19 08:36:54.236","T":"2024-07-19 08:36:54.236","X":"MARKET","e":"trade","m":false,"p":"0.5504","q":"3485.1","s":"XRPUSDT","t":1530384572},"received_t":"2024-07-19 08:36:54.246177999","stream":"xrpusdt@trade"}
{"data":{"E":"2024-07-19 08:36:54.236","T":"2024-07-19 08:36:54.236","X":"MARKET","e":"trade","m":false,"p":"0.5504","q":"4500.0","s":"XRPUSDT","t":1530384573},"received_t":"2024-07-19 08:36:54.246421686","stream":"xrpusdt@trade"}
{"data":{"E":"2024-07-19 08:36:54.236","T":"2024-07-19 08:36:54.236","X":"MARKET","e":"trade","m":false,"p":"0.5504","q":"453.4","s":"XRPUSDT","t":1530384574},"received_t":"2024-07-19 08:36:54.246694087","stream":"xrpusdt@trade"}
{"data":{"E":"2024-07-19 08:36:54.251","T":"2024-07-19 08:36:54.236","a":430777400,"e":"aggTrade","f":1530384571,"l":1530384574,"m":false,"p":"0.5504","q":"18115.9","s":"XRPUSDT"},"received_t":"2024-07-19 08:36:54.259690626","stream":"xrpusdt@aggTrade"}
{"data":{"E":"2024-07-19 08:36:54.249","T":"2024-07-19 08:36:54.249","X":"MARKET","e":"trade","m":true,"p":"0.5503","q":"9.1","s":"XRPUSDT","t":1530384575},"received_t":"2024-07-19 08:36:54.260038764","stream":"xrpusdt@trade"}
{"data":{"E":"2024-07-19 08:36:54.249","T":"2024-07-19 08:36:54.249","X":"MARKET","e":"trade","m":true,"p":"0.5503","q":"729.0","s":"XRPUSDT","t":1530384576},"received_t":"2024-07-19 08:36:54.260228486","stream":"xrpusdt@trade"}
{"data":{"E":"2024-07-19 08:36:54.249","T":"2024-07-19 08:36:54.249","X":"MARKET","e":"trade","m":true,"p":"0.5503","q":"30.0","s":"XRPUSDT","t":1530384577},"received_t":"2024-07-19 08:36:54.260500525","stream":"xrpusdt@trade"}
{"data":{"E":"2024-07-19 08:36:54.249","T":"2024-07-19 08:36:54.249","X":"MARKET","e":"trade","m":true,"p":"0.5503","q":"17.2","s":"XRPUSDT","t":1530384578},"received_t":"2024-07-19 08:36:54.260697378","stream":"xrpusdt@trade"}
{"data":{"E":"2024-07-19 08:36:54.249","T":"2024-07-19 08:36:54.249","X":"MARKET","e":"trade","m":true,"p":"0.5503","q":"53.2","s":"XRPUSDT","t":1530384579},"received_t":"2024-07-19 08:36:54.260843199","stream":"xrpusdt@trade"}
{"data":{"E":"2024-07-19 08:36:54.249","T":"2024-07-19 08:36:54.249","X":"MARKET","e":"trade","m":true,"p":"0.5503","q":"18.3","s":"XRPUSDT","t":1530384580},"received_t":"2024-07-19 08:36:54.261057083","stream":"xrpusdt@trade"}
{"data":{"E":"2024-07-19 08:36:54.249","T":"2024-07-19 08:36:54.249","X":"MARKET","e":"trade","m":true,"p":"0.5503","q":"184.8","s":"XRPUSDT","t":1530384581},"received_t":"2024-07-19 08:36:54.261284290","stream":"xrpusdt@trade"}
{"data":{"E":"2024-07-19 08:36:54.249","T":"2024-07-19 08:36:54.249","X":"MARKET","e":"trade","m":true,"p":"0.5503","q":"10.9","s":"XRPUSDT","t":1530384582},"received_t":"2024-07-19 08:36:54.261509645","stream":"xrpusdt@trade"}
{"data":{"E":"2024-07-19 08:36:54.249","T":"2024-07-19 08:36:54.249","X":"MARKET","e":"trade","m":true,"p":"0.5503","q":"151.6","s":"XRPUSDT","t":1530384583},"received_t":"2024-07-19 08:36:54.261693175","stream":"xrpusdt@trade"}
{"data":{"E":"2024-07-19 08:36:54.249","T":"2024-07-19 08:36:54.249","X":"MARKET","e":"trade","m":true,"p":"0.5503","q":"368.4","s":"XRPUSDT","t":1530384584},"received_t":"2024-07-19 08:36:54.261872405","stream":"xrpusdt@trade"}
{"data":{"E":"2024-07-19 08:36:54.249","T":"2024-07-19 08:36:54.249","X":"MARKET","e":"trade","m":true,"p":"0.5503","q":"196.5","s":"XRPUSDT","t":1530384585},"received_t":"2024-07-19 08:36:54.262031843","stream":"xrpusdt@trade"}
{"data":{"E":"2024-07-19 08:36:54.249","T":"2024-07-19 08:36:54.249","X":"MARKET","e":"trade","m":true,"p":"0.5503","q":"30.0","s":"XRPUSDT","t":1530384586},"received_t":"2024-07-19 08:36:54.262206583","stream":"xrpusdt@trade"}
{"data":{"E":"2024-07-19 08:36:54.249","T":"2024-07-19 08:36:54.249","X":"MARKET","e":"trade","m":true,"p":"0.5503","q":"3653.5","s":"XRPUSDT","t":1530384587},"received_t":"2024-07-19 08:36:54.262405710","stream":"xrpusdt@trade"}
{"data":{"E":"2024-07-19 08:36:54.249","T":"2024-07-19 08:36:54.249","X":"MARKET","e":"trade","m":true,"p":"0.5503","q":"65.4","s":"XRPUSDT","t":1530384588},"received_t":"2024-07-19 08:36:54.262592897","stream":"xrpusdt@trade"}
{"data":{"E":"2024-07-19 08:36:54.402","T":"2024-07-19 08:36:54.249","a":430777401,"e":"aggTrade","f":1530384575,"l":1530384588,"m":true,"p":"0.5503","q":"5517.9","s":"XRPUSDT"},"received_t":"2024-07-19 08:36:54.410240665","stream":"xrpusdt@aggTrade"}
{"data":{"E":"2024-07-19 08:36:54.411","T":"2024-07-19 08:36:54.410","X":"MARKET","e":"trade","m":true,"p":"0.5503","q":"10.0","s":"XRPUSDT","t":1530384589},"received_t":"2024-07-19 08:36:54.419578654","stream":"xrpusdt@trade"}
{"data":{"E":"2024-07-19 08:36:54.563","T":"2024-07-19 08:36:54.410","a":430777402,"e":"aggTrade","f":1530384589,"l":1530384589,"m":true,"p":"0.5503","q":"10.0","s":"XRPUSDT"},"received_t":"2024-07-19 08:36:54.571977650","stream":"xrpusdt@aggTrade"}
{"data":{"E":"2024-07-19 08:36:54.656","T":"2024-07-19 08:36:54.656","X":"MARKET","e":"trade","m":false,"p":"0.5504","q":"448.0","s":"XRPUSDT","t":1530384590},"received_t":"2024-07-19 08:36:54.665239195","stream":"xrpusdt@trade"}
{"data":{"E":"2024-07-19 08:36:54.708","T":"2024-07-19 08:36:54.708","X":"MARKET","e":"trade","m":false,"p":"0.5504","q":"1159.3","s":"XRPUSDT","t":1530384591},"received_t":"2024-07-19 08:36:54.717717944","stream":"xrpusdt@trade"}
{"data":{"E":"2024-07-19 08:36:54.750","T":"2024-07-19 08:36:54.750","X":"MARKET","e":"trade","m":false,"p":"0.5504","q":"1291.0","s":"XRPUSDT","t":1530384592},"received_t":"2024-07-19 08:36:54.759137328","stream":"xrpusdt@trade"}
{"data":{"E":"2024-07-19 08:36:54.756","T":"2024-07-19 08:36:54.756","X":"MARKET","e":"trade","m":true,"p":"0.5503","q":"5183.0","s":"XRPUSDT","t":1530384593},"received_t":"2024-07-19 08:36:54.766895879","stream":"xrpusdt@trade"}
{"data":{"E":"2024-07-19 08:36:54.756","T":"2024-07-19 08:36:54.756","X":"MARKET","e":"trade","m":true,"p":"0.5503","q":"8316.6","s":"XRPUSDT","t":1530384594},"received_t":"2024-07-19 08:36:54.767083741","stream":"xrpusdt@trade"}
{"data":{"E":"2024-07-19 08:36:54.756","T":"2024-07-19 08:36:54.756","X":"MARKET","e":"trade","m":true,"p":"0.5503","q":"179.3","s":"XRPUSDT","t":1530384595},"received_t":"2024-07-19 08:36:54.767281944","stream":"xrpusdt@trade"}
{"data":{"E":"2024-07-19 08:36:54.756","T":"2024-07-19 08:36:54.756","X":"MARKET","e":"trade","m":true,"p":"0.5503","q":"4000.0","s":"XRPUSDT","t":1530384596},"received_t":"2024-07-19 08:36:54.767500792","stream":"xrpusdt@trade"}
{"data":{"E":"2024-07-19 08:36:54.756","T":"2024-07-19 08:36:54.756","X":"MARKET","e":"trade","m":true,"p":"0.5503","q":"2428.9","s":"XRPUSDT","t":1530384597},"received_t":"2024-07-19 08:36:54.767678996","stream":"xrpusdt@trade"}
{"data":{"E":"2024-07-19 08:36:54.756","T":"2024-07-19 08:36:54.756","X":"MARKET","e":"trade","m":true,"p":"0.5503","q":"728.9","s":"XRPUSDT","t":1530384598},"received_t":"2024-07-19 08:36:54.767850580","stream":"xrpusdt@trade"}
{"data":{"E":"2024-07-19 08:36:54.756","T":"2024-07-19 08:36:54.756","X":"MARKET","e":"trade","m":true,"p":"0.5503","q":"1937.4","s":"XRPUSDT","t":1530384599},"received_t":"2024-07-19 08:36:54.768045513","stream":"xrpusdt@trade"}
{"data":{"E":"2024-07-19 08:36:54.756","T":"2024-07-19 08:36:54.756","X":"MARKET","e":"trade","m":true,"p":"0.5503","q":"6113.3","s":"XRPUSDT","t":1530384600},"received_t":"2024-07-19 08:36:54.768199455","stream":"xrpusdt@trade"}
{"data":{"E":"2024-07-19 08:36:54.756","T":"2024-07-19 08:36:54.756","X":"MARKET","e":"trade","m":true,"p":"0.5503","q":"2835.3","s":"XRPUSDT","t":1530384601},"received_t":"2024-07-19 08:36:54.768351360","stream":"xrpusdt@trade"}
{"data":{"E":"2024-07-19 08:36:54.756","T":"2024-07-19 08:36:54.756","X":"MARKET","e":"trade","m":true,"p":"0.5503","q":"30.0","s":"XRPUSDT","t":1530384602},"received_t":"2024-07-19 08:36:54.768565179","stream":"xrpusdt@trade"}
{"data":{"E":"2024-07-19 08:36:54.756","T":"2024-07-19 08:36:54.756","X":"MARKET","e":"trade","m":true,"p":"0.5503","q":"4041.4","s":"XRPUSDT","t":1530384603},"received_t":"2024-07-19 08:36:54.768748215","stream":"xrpusdt@trade"}
{"data":{"E":"2024-07-19 08:36:54.756","T":"2024-07-19 08:36:54.756","X":"MARKET","e":"trade","m":true,"p":"0.5503","q":"4000.0","s":"XRPUSDT","t":1530384604},"received_t":"2024-07-19 08:36:54.768908690","stream":"xrpusdt@trade"}
{"data":{"E":"2024-07-19 08:36:54.756","T":"2024-07-19 08:36:54.756","X":"MARKET","e":"trade","m":true,"p":"0.5503","q":"9.6","s":"XRPUSDT","t":1530384605},"received_t":"2024-07-19 08:36:54.769086919","stream":"xrpusdt@trade"}
{"data":{"E":"2024-07-19 08:36:54.756","T":"2024-07-19 08:36:54.756","X":"MARKET","e":"trade","m":true,"p":"0.5503","q":"1848.0","s":"XRPUSDT","t":1530384606},"received_t":"2024-07-19 08:36:54.769267922","stream":"xrpusdt@trade"}
{"data":{"E":"2024-07-19 08:36:54.756","T":"2024-07-19 08:36:54.756","X":"MARKET","e":"trade","m":true,"p":"0.5503","q":"364.8","s":"XRPUSDT","t":1530384607},"received_t":"2024-07-19 08:36:54.769449815","stream":"xrpusdt@trade"}
{"data":{"E":"2024-07-19 08:36:54.756","T":"2024-07-19 08:36:54.756","X":"MARKET","e":"trade","m":true,"p":"0.5502","q":"729.0","s":"XRPUSDT","t":1530384608},"received_t":"2024-07-19 08:36:54.769670747","stream":"xrpusdt@trade"}
{"data":{"E":"2024-07-19 08:36:54.756","T":"2024-07-19 08:36:54.756","X":"MARKET","e":"trade","m":true,"p":"0.5502","q":"729.0","s":"XRPUSDT","t":1530384609},"received_t":"2024-07-19 08:36:54.769857862","stream":"xrpusdt@trade"}
{"data":{"E":"2024-07-19 08:36:54.756","T":"2024-07-19 08:36:54.756","X":"MARKET","e":"trade","m":true,"p":"0.5502","q":"729.0","s":"XRPUSDT","t":1530384610},"received_t":"2024-07-19 08:36:54.770104690","stream":"xrpusdt@trade"}
{"data":{"E":"2024-07-19 08:36:54.756","T":"2024-07-19 08:36:54.756","X":"MARKET","e":"trade","m":true,"p":"0.5502","q":"8316.6","s":"XRPUSDT","t":1530384611},"received_t":"2024-07-19 08:36:54.770283320","stream":"xrpusdt@trade"}
{"data":{"E":"2024-07-19 08:36:54.756","T":"2024-07-19 08:36:54.756","X":"MARKET","e":"trade","m":true,"p":"0.5502","q":"9.3","s":"XRPUSDT","t":1530384612},"received_t":"2024-07-19 08:36:54.770459673","stream":"xrpusdt@trade"}
{"data":{"E":"2024-07-19 08:36:54.756","T":"2024-07-19 08:36:54.756","X":"MARKET","e":"trade","m":true,"p":"0.5502","q":"9.1","s":"XRPUSDT","t":1530384613},"received_t":"2024-07-19 08:36:54.770689346","stream":"xrpusdt@trade"}
{"data":{"E":"2024-07-19 08:36:54.756","T":"2024-07-19 08:36:54.756","X":"MARKET","e":"trade","m":true,"p":"0.5502","q":"30.0","s":"XRPUSDT","t":1530384614},"received_t":"2024-07-19 08:36:54.770873893","stream":"xrpusdt@trade"}
{"data":{"E":"2024-07-19 08:36:54.756","T":"2024-07-19 08:36:54.756","X":"MARKET","e":"trade","m":true,"p":"0.5502","q":"30.0","s":"XRPUSDT","t":1530384615},"received_t":"2024-07-19 08:36:54.771035144","stream":"xrpusdt@trade"}
{"data":{"E":"2024-07-19 08:36:54.756","T":"2024-07-19 08:36:54.756","X":"MARKET","e":"trade","m":true,"p":"0.5502","q":"11.0","s":"XRPUSDT","t":1530384616},"received_t":"2024-07-19 08:36:54.771309875","stream":"xrpusdt@trade"}
{"data":{"E":"2024-07-19 08:36:54.756","T":"2024-07-19 08:36:54.756","X":"MARKET","e":"trade","m":true,"p":"0.5502","q":"89.8","s":"XRPUSDT","t":1530384617},"received_t":"2024-07-19 08:36:54.771568735","stream":"xrpusdt@trade"}
{"data":{"E":"2024-07-19 08:36:54.756","T":"2024-07-19 08:36:54.756","X":"MARKET","e":"trade","m":true,"p":"0.5502","q":"296.7","s":"XRPUSDT","t":1530384618},"received_t":"2024-07-19 08:36:54.771791190","stream":"xrpusdt@trade"}
{"data":{"E":"2024-07-19 08:36:54.756","T":"2024-07-19 08:36:54.756","X":"MARKET","e":"trade","m":true,"p":"0.5502","q":"298.7","s":"XRPUSDT","t":1530384619},"received_t":"2024-07-19 08:36:54.772040642","stream":"xrpusdt@trade"}
{"data":{"E":"2024-07-19 08:36:54.756","T":"2024-07-19 08:36:54.756","X":"MARKET","e":"trade","m":true,"p":"0.5502","q":"273.6","s":"XRPUSDT","t":1530384620},"received_t":"2024-07-19 08:36:54.772217952","stream":"xrpusdt@trade"}
{"data":{"E":"2024-07-19 08:36:54.756","T":"2024-07-19 08:36:54.756","X":"MARKET","e":"trade","m":true,"p":"0.5502","q":"298.3","s":"XRPUSDT","t":1530384621},"received_t":"2024-07-19 08:36:54.772404566","stream":"xrpusdt@trade"}
{"data":{"E":"2024-07-19 08:36:54.756","T":"2024-07-19 08:36:54.756","X":"MARKET","e":"trade","m":true,"p":"0.5502","q":"4000.0","s":"XRPUSDT","t":1530384622},"received_t":"2024-07-19 08:36:54.772558180","stream":"xrpusdt@trade"}
{"data":{"E":"2024-07-19 08:36:54.756","T":"2024-07-19 08:36:54.756","X":"MARKET","e":"trade","m":true,"p":"0.5502","q":"168.8","s":"XRPUSDT","t":1530384623},"received_t":"2024-07-19 08:36:54.772761280","stream":"xrpusdt@trade"}
{"data":{"E":"2024-07-19 08:36:54.756","T":"2024-07-19 08:36:54.756","X":"MARKET","e":"trade","m":true,"p":"0.5502","q":"454.2","s":"XRPUSDT","t":1530384624},"received_t":"2024-07-19 08:36:54.772920144","stream":"xrpusdt@trade"}
{"data":{"E":"2024-07-19 08:36:54.756","T":"2024-07-19 08:36:54.756","X":"MARKET","e":"trade","m":true,"p":"0.5502","q":"454.2","s":"XRPUSDT","t":1530384625},"received_t":"2024-07-19 08:36:54.773070840","stream":"xrpusdt@trade"}
{"data":{"E":"2024-07-19 08:36:54.756","T":"2024-07-19 08:36:54.756","X":"MARKET","e":"trade","m":true,"p":"0.5502","q":"2361.6","s":"XRPUSDT","t":1530384626},"received_t":"2024-07-19 08:36:54.773214379","stream":"xrpusdt@trade"}
{"data":{"E":"2024-07-19 08:36:54.756","T":"2024-07-19 08:36:54.756","X":"MARKET","e":"trade","m":true,"p":"0.5502","q":"454.2","s":"XRPUSDT","t":1530384627},"received_t":"2024-07-19 08:36:54.773390479","stream":"xrpusdt@trade"}
{"data":{"E":"2024-07-19 08:36:54.756","T":"2024-07-19 08:36:54.756","X":"MARKET","e":"trade","m":true,"p":"0.5502","q":"454.2","s":"XRPUSDT","t":1530384628},"received_t":"2024-07-19 08:36:54.773621747","stream":"xrpusdt@trade"}
{"data":{"E":"2024-07-19 08:36:54.756","T":"2024-07-19 08:36:54.756","X":"MARKET","e":"trade","m":true,"p":"0.5502","q":"454.2","s":"XRPUSDT","t":1530384629},"received_t":"2024-07-19 08:36:54.773825736","stream":"xrpusdt@trade"}
{"data":{"E":"2024-07-19 08:36:54.756","T":"2024-07-19 08:36:54.756","X":"MARKET","e":"trade","m":true,"p":"0.5502","q":"11.0","s":"XRPUSDT","t":1530384630},"received_t":"2024-07-19 08:36:54.774049016","stream":"xrpusdt@trade"}
{"data":{"E":"2024-07-19 08:36:54.756","T":"2024-07-19 08:36:54.756","X":"MARKET","e":"trade","m":true,"p":"0.5502","q":"4516.1","s":"XRPUSDT","t":1530384631},"received_t":"2024-07-19 08:36:54.774274410","stream":"xrpusdt@trade"}
{"data":{"E":"2024-07-19 08:36:54.758","T":"2024-07-19 08:36:54.656","a":430777403,"e":"aggTrade","f":1530384590,"l":1530384592,"m":false,"p":"0.5504","q":"2898.3","s":"XRPUSDT"},"received_t":"2024-07-19 08:36:54.774481745","stream":"xrpusdt@aggTrade"}
{"data":{"E":"2024-07-19 08:36:54.758","T":"2024-07-19 08:36:54.756","a":430777404,"e":"aggTrade","f":1530384593,"l":1530384607,"m":true,"p":"0.5503","q":"42016.5","s":"XRPUSDT"},"received_t":"2024-07-19 08:36:54.774671856","stream":"xrpusdt@aggTrade"}
{"data":{"E":"2024-07-19 08:36:54.786","T":"2024-07-19 08:36:54.786","X":"MARKET","e":"trade","m":false,"p":"0.5503","q":"0.7","s":"XRPUSDT","t":1530384632},"received_t":"2024-07-19 08:36:54.795504711","stream":"xrpusdt@trade"}
{"data":{"E":"2024-07-19 08:36:54.787","T":"2024-07-19 08:36:54.756","a":430777405,"e":"aggTrade","f":1530384608,"l":1530384631,"m":true,"p":"0.5502","q":"25178.6","s":"XRPUSDT"},"received_t":"2024-07-19 08:36:54.796979218","stream":"xrpusdt@aggTrade"}
{"data":{"E":"2024-07-19 08:36:54.938","T":"2024-07-19 08:36:54.786","a":430777406,"e":"aggTrade","f":1530384632,"l":1530384632,"m":false,"p":"0.5503","q":"0.7","s":"XRPUSDT"},"received_t":"2024-07-19 08:36:54.946973433","stream":"xrpusdt@aggTrade"}
{"data":{"E":"2024-07-19 08:36:55.275","T":"2024-07-19 08:36:55.273","X":"MARKET","e":"trade","m":true,"p":"0.5502","q":"256.9","s":"XRPUSDT","t":1530384633},"received_t":"2024-07-19 08:36:55.298467042","stream":"xrpusdt@trade"}
{"data":{"E":"2024-07-19 08:36:55.275","T":"2024-07-19 08:36:55.273","X":"MARKET","e":"trade","m":true,"p":"0.5502","q":"30.0","s":"XRPUSDT","t":1530384634},"received_t":"2024-07-19 08:36:55.298670087","stream":"xrpusdt@trade"}
{"data":{"E":"2024-07-19 08:36:55.275","T":"2024-07-19 08:36:55.273","X":"MARKET","e":"trade","m":true,"p":"0.5502","q":"2126.3","s":"XRPUSDT","t":1530384635},"received_t":"2024-07-19 08:36:55.298855973","stream":"xrpusdt@trade"}
{"data":{"E":"2024-07-19 08:36:55.275","T":"2024-07-19 08:36:55.273","X":"MARKET","e":"trade","m":true,"p":"0.5502","q":"91.1","s":"XRPUSDT","t":1530384636},"received_t":"2024-07-19 08:36:55.299062052","stream":"xrpusdt@trade"}
{"data":{"E":"2024-07-19 08:36:55.275","T":"2024-07-19 08:36:55.273","X":"MARKET","e":"trade","m":true,"p":"0.5502","q":"413.9","s":"XRPUSDT","t":1530384637},"received_t":"2024-07-19 08:36:55.299286921","stream":"xrpusdt@trade"}
{"data":{"E":"2024-07-19 08:36:55.275","T":"2024-07-19 08:36:55.273","X":"MARKET","e":"trade","m":true,"p":"0.5502","q":"9.6","s":"XRPUSDT","t":1530384638},"received_t":"2024-07-19 08:36:55.299475315","stream":"xrpusdt@trade"}
{"data":{"E":"2024-07-19 08:36:55.275","T":"2024-07-19 08:36:55.273","X":"MARKET","e":"trade","m":true,"p":"0.5502","q":"9.6","s":"XRPUSDT","t":1530384639},"received_t":"2024-07-19 08:36:55.299661349","stream":"xrpusdt@trade"}
{"data":{"E":"2024-07-19 08:36:55.430","T":"2024-07-19 08:36:55.273","a":430777407,"e":"aggTrade","f":1530384633,"l":1530384639,"m":true,"p":"0.5502","q":"2937.4","s":"XRPUSDT"},"received_t":"2024-07-19 08:36:55.438554785","stream":"xrpusdt@aggTrade"}
{"data":{"E":"2024-07-19 08:36:55.622","T":"2024-07-19 08:36:55.622","X":"MARKET","e":"trade","m":false,"p":"0.5502","q":"147.6","s":"XRPUSDT","t":1530384640},"received_t":"2024-07-19 08:36:55.632031466","stream":"xrpusdt@trade"}
{"data":{"E":"2024-07-19 08:36:55.663","T":"2024-07-19 08:36:55.662","X":"MARKET","e":"trade","m":false,"p":"0.5502","q":"45.3","s":"XRPUSDT","t":1530384641},"received_t":"2024-07-19 08:36:55.676198538","stream":"xrpusdt@trade"}
{"data":{"E":"2024-07-19 08:36:55.774","T":"2024-07-19 08:36:55.622","a":430777408,"e":"aggTrade","f":1530384640,"l":1530384641,"m":false,"p":"0.5502","q":"192.9","s":"XRPUSDT"},"received_t":"2024-07-19 08:36:55.783240461","stream":"xrpusdt@aggTrade"}
{"data":{"E":"2024-07-19 08:36:55.880","T":"2024-07-19 08:36:55.880","X":"MARKET","e":"trade","m":false,"p":"0.5502","q":"3356.1","s":"XRPUSDT","t":1530384642},"received_t":"2024-07-19 08:36:55.889988970","stream":"xrpusdt@trade"}
{"data":{"E":"2024-07-19 08:36:55.974","T":"2024-07-19 08:36:55.974","X":"MARKET","e":"trade","m":false,"p":"0.5502","q":"225.3","s":"XRPUSDT","t":1530384643},"received_t":"2024-07-19 08:36:55.983259870","stream":"xrpusdt@trade"}
{"data":{"E":"2024-07-19 08:36:56.032","T":"2024-07-19 08:36:55.880","a":430777409,"e":"aggTrade","f":1530384642,"l":1530384643,"m":false,"p":"0.5502","q":"3581.4","s":"XRPUSDT"},"received_t":"2024-07-19 08:36:56.043568453","stream":"xrpusdt@aggTrade"}
{"data":{"E":"2024-07-19 08:36:56.349","T":"2024-07-19 08:36:56.348","X":"MARKET","e":"trade","m":false,"p":"0.5502","q":"65.4","s":"XRPUSDT","t":1530384644},"received_t":"2024-07-19 08:36:56.358052088","stream":"xrpusdt@trade"}
{"data":{"E":"2024-07-19 08:36:56.419","T":"2024-07-19 08:36:56.419","X":"MARKET","e":"trade","m":true,"p":"0.5501","q":"35.5","s":"XRPUSDT","t":1530384645},"received_t":"2024-07-19 08:36:56.428146710","stream":"xrpusdt@trade"}
{"data":{"E":"2024-07-19 08:36:56.419","T":"2024-07-19 08:36:56.419","X":"MARKET","e":"trade","m":true,"p":"0.5501","q":"200.0","s":"XRPUSDT","t":1530384646},"received_t":"2024-07-19 08:36:56.428414478","stream":"xrpusdt@trade"}
{"data":{"E":"2024-07-19 08:36:56.419","T":"2024-07-19 08:36:56.419","X":"MARKET","e":"trade","m":true,"p":"0.5501","q":"9.1","s":"XRPUSDT","t":1530384647},"received_t":"2024-07-19 08:36:56.428767262","stream":"xrpusdt@trade"}
{"data":{"E":"2024-07-19 08:36:56.419","T":"2024-07-19 08:36:56.419","X":"MARKET","e":"trade","m":true,"p":"0.5501","q":"9.3","s":"XRPUSDT","t":1530384648},"received_t":"2024-07-19 08:36:56.428980749","stream":"xrpusdt@trade"}
{"data":{"E":"2024-07-19 08:36:56.419","T":"2024-07-19 08:36:56.419","X":"MARKET","e":"trade","m":true,"p":"0.5501","q":"17.4","s":"XRPUSDT","t":1530384649},"received_t":"2024-07-19 08:36:56.429175956","stream":"xrpusdt@trade"}
{"data":{"E":"2024-07-19 08:36:56.419","T":"2024-07-19 08:36:56.419","X":"MARKET","e":"trade","m":true,"p":"0.5501","q":"318.7","s":"XRPUSDT","t":1530384650},"received_t":"2024-07-19 08:36:56.429387895","stream":"xrpusdt@trade"}
{"data":{"E":"2024-07-19 08:36:56.419","T":"2024-07-19 08:36:56.419","X":"MARKET","e":"trade","m":true,"p":"0.5501","q":"318.7","s":"XRPUSDT","t":1530384651},"received_t":"2024-07-19 08:36:56.429593948","stream":"xrpusdt@trade"}
{"data":{"E":"2024-07-19 08:36:56.419","T":"2024-07-19 08:36:56.419","X":"MARKET","e":"trade","m":true,"p":"0.5501","q":"30.0","s":"XRPUSDT","t":1530384652},"received_t":"2024-07-19 08:36:56.429783439","stream":"xrpusdt@trade"}
{"data":{"E":"2024-07-19 08:36:56.419","T":"2024-07-19 08:36:56.419","X":"MARKET","e":"trade","m":true,"p":"0.5501","q":"11.0","s":"XRPUSDT","t":1530384653},"received_t":"2024-07-19 08:36:56.430058843","stream":"xrpusdt@trade"}
{"data":{"E":"2024-07-19 08:36:56.419","T":"2024-07-19 08:36:56.419","X":"MARKET","e":"trade","m":true,"p":"0.5501","q":"192.6","s":"XRPUSDT","t":1530384654},"received_t":"2024-07-19 08:36:56.430291865","stream":"xrpusdt@trade"}
{"data":{"E":"2024-07-19 08:36:56.419","T":"2024-07-19 08:36:56.419","X":"MARKET","e":"trade","m":true,"p":"0.5501","q":"11.6","s":"XRPUSDT","t":1530384655},"received_t":"2024-07-19 08:36:56.430520097","stream":"xrpusdt@trade"}
{"data":{"E":"2024-07-19 08:36:56.419","T":"2024-07-19 08:36:56.419","X":"MARKET","e":"trade","m":true,"p":"0.5501","q":"11.6","s":"XRPUSDT","t":1530384656},"received_t":"2024-07-19 08:36:56.430709223","stream":"xrpusdt@trade"}
{"data":{"E":"2024-07-19 08:36:56.419","T":"2024-07-19 08:36:56.419","X":"MARKET","e":"trade","m":true,"p":"0.5501","q":"364.8","s":"XRPUSDT","t":1530384657},"received_t":"2024-07-19 08:36:56.430881451","stream":"xrpusdt@trade"}
{"data":{"E":"2024-07-19 08:36:56.419","T":"2024-07-19 08:36:56.419","X":"MARKET","e":"trade","m":true,"p":"0.5501","q":"30.0","s":"XRPUSDT","t":1530384658},"received_t":"2024-07-19 08:36:56.431108432","stream":"xrpusdt@trade"}
{"data":{"E":"2024-07-19 08:36:56.420","T":"2024-07-19 08:36:56.348","a":430777410,"e":"aggTrade","f":1530384644,"l":1530384644,"m":false,"p":"0.5502","q":"65.4","s":"XRPUSDT"},"received_t":"2024-07-19 08:36:56.431347306","stream":"xrpusdt@aggTrade"}
{"data":{"E":"2024-07-19 08:36:56.503","T":"2024-07-19 08:36:56.419","a":430777411,"e":"aggTrade","f":1530384645,"l":1530384658,"m":true,"p":"0.5501","q":"1560.3","s":"XRPUSDT"},"received_t":"2024-07-19 08:36:56.515604116","stream":"xrpusdt@aggTrade"}
{"data":{"E":"2024-07-19 08:36:56.501","T":"2024-07-19 08:36:56.501","X":"MARKET","e":"trade","m":false,"p":"0.5501","q":"1435.3","s":"XRPUSDT","t":1530384659},"received_t":"2024-07-19 08:36:56.516496419","stream":"xrpusdt@trade"}
{"data":{"E":"2024-07-19 08:36:56.501","T":"2024-07-19 08:36:56.501","X":"MARKET","e":"trade","m":false,"p":"0.5501","q":"1556.4","s":"XRPUSDT","t":1530384660},"received_t":"2024-07-19 08:36:56.516718427","stream":"xrpusdt@trade"}
{"data":{"E":"2024-07-19 08:36:56.501","T":"2024-07-19 08:36:56.501","X":"MARKET","e":"trade","m":false,"p":"0.5501","q":"1556.4","s":"XRPUSDT","t":1530384661},"received_t":"2024-07-19 08:36:56.516972092","stream":"xrpusdt@trade"}
{"data":{"E":"2024-07-19 08:36:56.501","T":"2024-07-19 08:36:56.501","X":"MARKET","e":"trade","m":false,"p":"0.5501","q":"323.0","s":"XRPUSDT","t":1530384662},"received_t":"2024-07-19 08:36:56.517187928","stream":"xrpusdt@trade"}
{"data":{"E":"2024-07-19 08:36:56.501","T":"2024-07-19 08:36:56.501","X":"MARKET","e":"trade","m":false,"p":"0.5501","q":"324.7","s":"XRPUSDT","t":1530384663},"received_t":"2024-07-19 08:36:56.517383523","stream":"xrpusdt@trade"}
{"data":{"E":"2024-07-19 08:36:56.501","T":"2024-07-19 08:36:56.501","X":"MARKET","e":"trade","m":false,"p":"0.5501","q":"433.5","s":"XRPUSDT","t":1530384664},"received_t":"2024-07-19 08:36:56.517587522","stream":"xrpusdt@trade"}
{"data":{"E":"2024-07-19 08:36:56.501","T":"2024-07-19 08:36:56.501","X":"MARKET","e":"trade","m":false,"p":"0.5501","q":"30.0","s":"XRPUSDT","t":1530384665},"received_t":"2024-07-19 08:36:56.517814848","stream":"xrpusdt@trade"}
{"data":{"E":"2024-07-19 08:36:56.654","T":"2024-07-19 08:36:56.501","a":430777412,"e":"aggTrade","f":1530384659,"l":1530384665,"m":false,"p":"0.5501","q":"5659.3","s":"XRPUSDT"},"received_t":"2024-07-19 08:36:56.662676866","stream":"xrpusdt@aggTrade"}
{"data":{"E":"2024-07-19 08:36:56.787","T":"2024-07-19 08:36:56.786","X":"MARKET","e":"trade","m":false,"p":"0.5502","q":"0.7","s":"XRPUSDT","t":1530384666},"received_t":"2024-07-19 08:36:56.795537425","stream":"xrpusdt@trade"}
{"data":{"E":"2024-07-19 08:36:56.939","T":"2024-07-19 08:36:56.786","a":430777413,"e":"aggTrade","f":1530384666,"l":1530384666,"m":false,"p":"0.5502","q":"0.7","s":"XRPUSDT"},"received_t":"2024-07-19 08:36:56.947226565","stream":"xrpusdt@aggTrade"}
{"data":{"E":"2024-07-19 08:36:57.070","T":"2024-07-19 08:36:57.070","X":"MARKET","e":"trade","m":true,"p":"0.5501","q":"25.0","s":"XRPUSDT","t":1530384667},"received_t":"2024-07-19 08:36:57.079892621","stream":"xrpusdt@trade"}
{"data":{"E":"2024-07-19 08:36:57.083","T":"2024-07-19 08:36:57.083","X":"MARKET","e":"trade","m":false,"p":"0.5502","q":"0.5","s":"XRPUSDT","t":1530384668},"received_t":"2024-07-19 08:36:57.092907118","stream":"xrpusdt@trade"}
{"data":{"E":"2024-07-19 08:36:57.086","T":"2024-07-19 08:36:57.070","a":430777414,"e":"aggTrade","f":1530384667,"l":1530384667,"m":true,"p":"0.5501","q":"25.0","s":"XRPUSDT"},"received_t":"2024-07-19 08:36:57.095029020","stream":"xrpusdt@aggTrade"}
{"data":{"E":"2024-07-19 08:36:57.237","T":"2024-07-19 08:36:57.083","a":430777415,"e":"aggTrade","f":1530384668,"l":1530384668,"m":false,"p":"0.5502","q":"0.5","s":"XRPUSDT"},"received_t":"2024-07-19 08:36:57.245331780","stream":"xrpusdt@aggTrade"}
{"data":{"E":"2024-07-19 08:36:57.327","T":"2024-07-19 08:36:57.327","X":"MARKET","e":"trade","m":false,"p":"0.5502","q":"0.6","s":"XRPUSDT","t":1530384669},"received_t":"2024-07-19 08:36:57.338047246","stream":"xrpusdt@trade"}
{"data":{"E":"2024-07-19 08:36:57.373","T":"2024-07-19 08:36:57.373","X":"MARKET","e":"trade","m":false,"p":"0.5502","q":"318.6","s":"XRPUSDT","t":1530384670},"received_t":"2024-07-19 08:36:57.382211038","stream":"xrpusdt@trade"}
{"data":{"E":"2024-07-19 08:36:57.480","T":"2024-07-19 08:36:57.327","a":430777416,"e":"aggTrade","f":1530384669,"l":1530384670,"m":false,"p":"0.5502","q":"319.2","s":"XRPUSDT"},"received_t":"2024-07-19 08:36:57.489083280","stream":"xrpusdt@aggTrade"}
{"data":{"E":"2024-07-19 08:36:57.549","T":"2024-07-19 08:36:57.549","X":"MARKET","e":"trade","m":true,"p":"0.5501","q":"15.7","s":"XRPUSDT","t":1530384671},"received_t":"2024-07-19 08:36:57.558762833","stream":"xrpusdt@trade"}
{"data":{"E":"2024-07-19 08:36:57.655","T":"2024-07-19 08:36:57.655","X":"MARKET","e":"trade","m":false,"p":"0.5502","q":"546.0","s":"XRPUSDT","t":1530384672},"received_t":"2024-07-19 08:36:57.664620973","stream":"xrpusdt@trade"}
{"data":{"E":"2024-07-19 08:36:57.656","T":"2024-07-19 08:36:57.549","a":430777417,"e":"aggTrade","f":1530384671,"l":1530384671,"m":true,"p":"0.5501","q":"15.7","s":"XRPUSDT"},"received_t":"2024-07-19 08:36:57.665689545","stream":"xrpusdt@aggTrade"}
{"data":{"E":"2024-07-19 08:36:57.663","T":"2024-07-19 08:36:57.663","X":"MARKET","e":"trade","m":false,"p":"0.5502","q":"3634.3","s":"XRPUSDT","t":1530384673},"received_t":"2024-07-19 08:36:57.673658821","stream":"xrpusdt@trade"}
{"data":{"E":"2024-07-19 08:36:57.663","T":"2024-07-19 08:36:57.663","X":"MARKET","e":"trade","m":false,"p":"0.5502","q":"359.3","s":"XRPUSDT","t":1530384674},"received_t":"2024-07-19 08:36:57.673894370","stream":"xrpusdt@trade"}
{"data":{"E":"2024-07-19 08:36:57.663","T":"2024-07-19 08:36:57.663","X":"MARKET","e":"trade","m":false,"p":"0.5502","q":"9.6","s":"XRPUSDT","t":1530384675},"received_t":"2024-07-19 08:36:57.674098801","stream":"xrpusdt@trade"}
{"data":{"E":"2024-07-19 08:36:57.663","T":"2024-07-19 08:36:57.663","X":"MARKET","e":"trade","m":false,"p":"0.5502","q":"533.6","s":"XRPUSDT","t":1530384676},"received_t":"2024-07-19 08:36:57.674309984","stream":"xrpusdt@trade"}
{"data":{"E":"2024-07-19 08:36:57.663","T":"2024-07-19 08:36:57.663","X":"MARKET","e":"trade","m":false,"p":"0.5502","q":"58.1","s":"XRPUSDT","t":1530384677},"received_t":"2024-07-19 08:36:57.674483891","stream":"xrpusdt@trade"}
{"data":{"E":"2024-07-19 08:36:57.664","T":"2024-07-19 08:36:57.663","X":"MARKET","e":"trade","m":false,"p":"0.5502","q":"6944.0","s":"XRPUSDT","t":1530384678},"received_t":"2024-07-19 08:36:57.674693529","stream":"xrpusdt@trade"}
{"data":{"E":"2024-07-19 08:36:57.664","T":"2024-07-19 08:36:57.663","X":"MARKET","e":"trade","m":false,"p":"0.5502","q":"3305.4","s":"XRPUSDT","t":1530384679},"received_t":"2024-07-19 08:36:57.674867391","stream":"xrpusdt@trade"}
{"data":{"E":"2024-07-19 08:36:57.664","T":"2024-07-19 08:36:57.663","X":"MARKET","e":"trade","m":false,"p":"0.5502","q":"364.8","s":"XRPUSDT","t":1530384680},"received_t":"2024-07-19 08:36:57.675078970","stream":"xrpusdt@trade"}
{"data":{"E":"2024-07-19 08:36:57.664","T":"2024-07-19 08:36:57.663","X":"MARKET","e":"trade","m":false,"p":"0.5502","q":"149.0","s":"XRPUSDT","t":1530384681},"received_t":"2024-07-19 08:36:57.675296152","stream":"xrpusdt@trade"}
{"data":{"E":"2024-07-19 08:36:57.664","T":"2024-07-19 08:36:57.664","X":"MARKET","e":"trade","m":false,"p":"0.5502","q":"17.5","s":"XRPUSDT","t":1530384682},"received_t":"2024-07-19 08:36:57.675455746","stream":"xrpusdt@trade"}
{"data":{"E":"2024-07-19 08:36:57.664","T":"2024-07-19 08:36:57.664","X":"MARKET","e":"trade","m":false,"p":"0.5502","q":"96.9","s":"XRPUSDT","t":1530384683},"received_t":"2024-07-19 08:36:57.675615923","stream":"xrpusdt@trade"}
{"data":{"E":"2024-07-19 08:36:57.664","T":"2024-07-19 08:36:57.664","X":"MARKET","e":"trade","m":false,"p":"0.5502","q":"38.6","s":"XRPUSDT","t":1530384684},"received_t":"2024-07-19 08:36:57.675887166","stream":"xrpusdt@trade"}
{"data":{"E":"2024-07-19 08:36:57.664","T":"2024-07-19 08:36:57.664","X":"MARKET","e":"trade","m":false,"p":"0.5502","q":"14398.4","s":"XRPUSDT","t":1530384685},"received_t":"2024-07-19 08:36:57.676107328","stream":"xrpusdt@trade"}
{"data":{"E":"2024-07-19 08:36:57.664","T":"2024-07-19 08:36:57.664","X":"MARKET","e":"trade","m":false,"p":"0.5502","q":"12082.9","s":"XRPUSDT","t":1530384686},"received_t":"2024-07-19 08:36:57.676303542","stream":"xrpusdt@trade"}
{"data":{"E":"2024-07-19 08:36:57.664","T":"2024-07-19 08:36:57.664","X":"MARKET","e":"trade","m":false,"p":"0.5502","q":"30.0","s":"XRPUSDT","t":1530384687},"received_t":"2024-07-19 08:36:57.676550357","stream":"xrpusdt@trade"}
{"data":{"E":"2024-07-19 08:36:57.664","T":"2024-07-19 08:36:57.664","X":"MARKET","e":"trade","m":false,"p":"0.5502","q":"3775.5","s":"XRPUSDT","t":1530384688},"received_t":"2024-07-19 08:36:57.676760245","stream":"xrpusdt@trade"}
{"data":{"E":"2024-07-19 08:36:57.710","T":"2024-07-19 08:36:57.709","X":"MARKET","e":"trade","m":false,"p":"0.5503","q":"35.5","s":"XRPUSDT","t":1530384689},"received_t":"2024-07-19 08:36:57.719209425","stream":"xrpusdt@trade"}
{"data":{"E":"2024-07-19 08:36:57.710","T":"2024-07-19 08:36:57.709","X":"MARKET","e":"trade","m":false,"p":"0.5503","q":"70.3","s":"XRPUSDT","t":1530384690},"received_t":"2024-07-19 08:36:57.719422365","stream":"xrpusdt@trade"}
{"data":{"E":"2024-07-19 08:36:57.710","T":"2024-07-19 08:36:57.709","X":"MARKET","e":"trade","m":false,"p":"0.5503","q":"70.3","s":"XRPUSDT","t":1530384691},"received_t":"2024-07-19 08:36:57.719606802","stream":"xrpusdt@trade"}
{"data":{"E":"2024-07-19 08:36:57.710","T":"2024-07-19 08:36:57.709","X":"MARKET","e":"trade","m":false,"p":"0.5503","q":"2214.9","s":"XRPUSDT","t":1530384692},"received_t":"2024-07-19 08:36:57.719812239","stream":"xrpusdt@trade"}
{"data":{"E":"2024-07-19 08:36:57.710","T":"2024-07-19 08:36:57.709","X":"MARKET","e":"trade","m":false,"p":"0.5503","q":"635.9","s":"XRPUSDT","t":1530384693},"received_t":"2024-07-19 08:36:57.720015085","stream":"xrpusdt@trade"}
{"data":{"E":"2024-07-19 08:36:57.710","T":"2024-07-19 08:36:57.709","X":"MARKET","e":"trade","m":false,"p":"0.5503","q":"30.0","s":"XRPUSDT","t":1530384694},"received_t":"2024-07-19 08:36:57.720247000","stream":"xrpusdt@trade"}
{"data":{"E":"2024-07-19 08:36:57.710","T":"2024-07-19 08:36:57.709","X":"MARKET","e":"trade","m":false,"p":"0.5503","q":"9.1","s":"XRPUSDT","t":1530384695},"received_t":"2024-07-19 08:36:57.720423948","stream":"xrpusdt@trade"}
{"data":{"E":"2024-07-19 08:36:57.710","T":"2024-07-19 08:36:57.709","X":"MARKET","e":"trade","m":false,"p":"0.5503","q":"1613.6","s":"XRPUSDT","t":1530384696},"received_t":"2024-07-19 08:36:57.720601275","stream":"xrpusdt@trade"}
{"data":{"E":"2024-07-19 08:36:57.711","T":"2024-07-19 08:36:57.655","a":430777418,"e":"aggTrade","f":1530384672,"l":1530384688,"m":false,"p":"0.5502","q":"46343.9","s":"XRPUSDT"},"received_t":"2024-07-19 08:36:57.721045401","stream":"xrpusdt@aggTrade"}
{"data":{"E":"2024-07-19 08:36:57.752","T":"2024-07-19 08:36:57.751","X":"MARKET","e":"trade","m":false,"p":"0.5504","q":"153.6","s":"XRPUSDT","t":1530384697},"received_t":"2024-07-19 08:36:57.761060145","stream":"xrpusdt@trade"}
{"data":{"E":"2024-07-19 08:36:57.752","T":"2024-07-19 08:36:57.751","X":"MARKET","e":"trade","m":false,"p":"0.5504","q":"3454.3","s":"XRPUSDT","t":1530384698},"received_t":"2024-07-19 08:36:57.761324809","stream":"xrpusdt@trade"}
{"data":{"E":"2024-07-19 08:36:57.753","T":"2024-07-19 08:36:57.709","a":430777419,"e":"aggTrade","f":1530384689,"l":1530384696,"m":false,"p":"0.5503","q":"4679.6","s":"XRPUSDT"},"received_t":"2024-07-19 08:36:57.763024204","stream":"xrpusdt@aggTrade"}
{"data":{"E":"2024-07-19 08:36:57.904","T":"2024-07-19 08:36:57.751","a":430777420,"e":"aggTrade","f":1530384697,"l":1530384698,"m":false,"p":"0.5504","q":"3607.9","s":"XRPUSDT"},"received_t":"2024-07-19 08:36:57.912219438","stream":"xrpusdt@aggTrade"}
{"data":{"E":"2024-07-19 08:36:58.514","T":"2024-07-19 08:36:58.514","X":"MARKET","e":"trade","m":true,"p":"0.5503","q":"13.0","s":"XRPUSDT","t":1530384699},"received_t":"2024-07-19 08:36:58.523869624","stream":"xrpusdt@trade"}
{"data":{"E":"2024-07-19 08:36:58.669","T":"2024-07-19 08:36:58.514","a":430777421,"e":"aggTrade","f":1530384699,"l":1530384699,"m":true,"p":"0.5503","q":"13.0","s":"XRPUSDT"},"received_t":"2024-07-19 08:36:58.678477843","stream":"xrpusdt@aggTrade"}
{"data":{"E":"2024-07-19 08:36:58.715","T":"2024-07-19 08:36:58.714","X":"MARKET","e":"trade","m":false,"p":"0.5504","q":"2866.4","s":"XRPUSDT","t":1530384700},"received_t":"2024-07-19 08:36:58.724120306","stream":"xrpusdt@trade"}
{"data":{"E":"2024-07-19 08:36:58.867","T":"2024-07-19 08:36:58.714","a":430777422,"e":"aggTrade","f":1530384700,"l":1530384700,"m":false,"p":"0.5504","q":"2866.4","s":"XRPUSDT"},"received_t":"2024-07-19 08:36:58.875755972","stream":"xrpusdt@aggTrade"}
{"data":{"E":"2024-07-19 08:36:58.902","T":"2024-07-19 08:36:58.901","X":"MARKET","e":"trade","m":true,"p":"0.5503","q":"1781.7","s":"XRPUSDT","t":1530384701},"received_t":"2024-07-19 08:36:58.925652739","stream":"xrpusdt@trade"}
{"data":{"E":"2024-07-19 08:36:58.902","T":"2024-07-19 08:36:58.901","X":"MARKET","e":"trade","m":true,"p":"0.5503","q":"3488.3","s":"XRPUSDT","t":1530384702},"received_t":"2024-07-19 08:36:58.925903488","stream":"xrpusdt@trade"}
{"data":{"E":"2024-07-19 08:36:58.902","T":"2024-07-19 08:36:58.901","X":"MARKET","e":"trade","m":true,"p":"0.5503","q":"4500.0","s":"XRPUSDT","t":1530384703},"received_t":"2024-07-19 08:36:58.926109322","stream":"xrpusdt@trade"}
{"data":{"E":"2024-07-19 08:36:58.902","T":"2024-07-19 08:36:58.901","X":"MARKET","e":"trade","m":true,"p":"0.5503","q":"3488.3","s":"XRPUSDT","t":1530384704},"received_t":"2024-07-19 08:36:58.926310860","stream":"xrpusdt@trade"}
{"data":{"E":"2024-07-19 08:36:58.902","T":"2024-07-19 08:36:58.901","X":"MARKET","e":"trade","m":true,"p":"0.5503","q":"4471.9","s":"XRPUSDT","t":1530384705},"received_t":"2024-07-19 08:36:58.926468679","stream":"xrpusdt@trade"}
{"data":{"E":"2024-07-19 08:36:58.902","T":"2024-07-19 08:36:58.901","X":"MARKET","e":"trade","m":true,"p":"0.5503","q":"30.0","s":"XRPUSDT","t":1530384706},"received_t":"2024-07-19 08:36:58.926649353","stream":"xrpusdt@trade"}
{"data":{"E":"2024-07-19 08:36:58.902","T":"2024-07-19 08:36:58.901","X":"MARKET","e":"trade","m":true,"p":"0.5503","q":"359.3","s":"XRPUSDT","t":1530384707},"received_t":"2024-07-19 08:36:58.926824331","stream":"xrpusdt@trade"}
{"data":{"E":"2024-07-19 08:36:58.902","T":"2024-07-19 08:36:58.901","X":"MARKET","e":"trade","m":true,"p":"0.5503","q":"42.1","s":"XRPUSDT","t":1530384708},"received_t":"2024-07-19 08:36:58.927007636","stream":"xrpusdt@trade"}
{"data":{"E":"2024-07-19 08:36:58.902","T":"2024-07-19 08:36:58.901","X":"MARKET","e":"trade","m":true,"p":"0.5503","q":"364.8","s":"XRPUSDT","t":1530384709},"received_t":"2024-07-19 08:36:58.927173266","stream":"xrpusdt@trade"}
{"data":{"E":"2024-07-19 08:36:58.902","T":"2024-07-19 08:36:58.901","X":"MARKET","e":"trade","m":true,"p":"0.5503","q":"11.2","s":"XRPUSDT","t":1530384710},"received_t":"2024-07-19 08:36:58.927357773","stream":"xrpusdt@trade"}
{"data":{"E":"2024-07-19 08:36:58.902","T":"2024-07-19 08:36:58.901","X":"MARKET","e":"trade","m":true,"p":"0.5503","q":"304.5","s":"XRPUSDT","t":1530384711},"received_t":"2024-07-19 08:36:58.927536118","stream":"xrpusdt@trade"}
{"data":{"E":"2024-07-19 08:36:58.902","T":"2024-07-19 08:36:58.902","X":"MARKET","e":"trade","m":true,"p":"0.5503","q":"845.9","s":"XRPUSDT","t":1530384712},"received_t":"2024-07-19 08:36:58.927711872","stream":"xrpusdt@trade"}
{"data":{"E":"2024-07-19 08:36:58.902","T":"2024-07-19 08:36:58.902","X":"MARKET","e":"trade","m":true,"p":"0.5503","q":"458.7","s":"XRPUSDT","t":1530384713},"received_t":"2024-07-19 08:36:58.927861782","stream":"xrpusdt@trade"}
{"data":{"E":"2024-07-19 08:36:58.902","T":"2024-07-19 08:36:58.902","X":"MARKET","e":"trade","m":true,"p":"0.5503","q":"67.4","s":"XRPUSDT","t":1530384714},"received_t":"2024-07-19 08:36:58.928044338","stream":"xrpusdt@trade"}
{"data":{"E":"2024-07-19 08:36:59.054","T":"2024-07-19 08:36:58.901","a":430777423,"e":"aggTrade","f":1530384701,"l":1530384714,"m":true,"p":"0.5503","q":"20214.1","s":"XRPUSDT"},"received_t":"2024-07-19 08:36:59.063135407","stream":"xrpusdt@aggTrade"}
{"data":{"E":"2024-07-19 08:36:59.164","T":"2024-07-19 08:36:59.164","X":"MARKET","e":"trade","m":false,"p":"0.5503","q":"3486.4","s":"XRPUSDT","t":1530384715},"received_t":"2024-07-19 08:36:59.173352404","stream":"xrpusdt@trade"}
{"data":{"E":"2024-07-19 08:36:59.164","T":"2024-07-19 08:36:59.164","X":"MARKET","e":"trade","m":false,"p":"0.5503","q":"121.4","s":"XRPUSDT","t":1530384716},"received_t":"2024-07-19 08:36:59.173602405","stream":"xrpusdt@trade"}
{"data":{"E":"2024-07-19 08:36:59.178","T":"2024-07-19 08:36:59.178","X":"MARKET","e":"trade","m":false,"p":"0.5503","q":"1947.9","s":"XRPUSDT","t":1530384717},"received_t":"2024-07-19 08:36:59.187453599","stream":"xrpusdt@trade"}
{"data":{"E":"2024-07-19 08:36:59.300","T":"2024-07-19 08:36:59.300","X":"MARKET","e":"trade","m":false,"p":"0.5503","q":"0.3","s":"XRPUSDT","t":1530384718},"received_t":"2024-07-19 08:36:59.309520472","stream":"xrpusdt@trade"}
{"data":{"E":"2024-07-19 08:36:59.303","T":"2024-07-19 08:36:59.164","a":430777424,"e":"aggTrade","f":1530384715,"l":1530384717,"m":false,"p":"0.5503","q":"5555.7","s":"XRPUSDT"},"received_t":"2024-07-19 08:36:59.311901973","stream":"xrpusdt@aggTrade"}
{"data":{"E":"2024-07-19 08:36:59.454","T":"2024-07-19 08:36:59.300","a":430777425,"e":"aggTrade","f":1530384718,"l":1530384718,"m":false,"p":"0.5503","q":"0.3","s":"XRPUSDT"},"received_t":"2024-07-19 08:36:59.463377488","stream":"xrpusdt@aggTrade"}
{"data":{"E":"2024-07-19 08:36:59.521","T":"2024-07-19 08:36:59.521","X":"MARKET","e":"trade","m":false,"p":"0.5503","q":"1074.7","s":"XRPUSDT","t":1530384719},"received_t":"2024-07-19 08:36:59.531363821","stream":"xrpusdt@trade"}
{"data":{"E":"2024-07-19 08:36:59.521","T":"2024-07-19 08:36:59.521","X":"MARKET","e":"trade","m":false,"p":"0.5503","q":"35.5","s":"XRPUSDT","t":1530384720},"received_t":"2024-07-19 08:36:59.531652613","stream":"xrpusdt@trade"}
{"data":{"E":"2024-07-19 08:36:59.521","T":"2024-07-19 08:36:59.521","X":"MARKET","e":"trade","m":false,"p":"0.5503","q":"359.3","s":"XRPUSDT","t":1530384721},"received_t":"2024-07-19 08:36:59.531885328","stream":"xrpusdt@trade"}
{"data":{"E":"2024-07-19 08:36:59.521","T":"2024-07-19 08:36:59.521","X":"MARKET","e":"trade","m":false,"p":"0.5503","q":"19.8","s":"XRPUSDT","t":1530384722},"received_t":"2024-07-19 08:36:59.532161404","stream":"xrpusdt@trade"}
{"data":{"E":"2024-07-19 08:36:59.521","T":"2024-07-19 08:36:59.521","X":"MARKET","e":"trade","m":false,"p":"0.5503","q":"2118.6","s":"XRPUSDT","t":1530384723},"received_t":"2024-07-19 08:36:59.532474155","stream":"xrpusdt@trade"}
{"data":{"E":"2024-07-19 08:36:59.674","T":"2024-07-19 08:36:59.521","a":430777426,"e":"aggTrade","f":1530384719,"l":1530384723,"m":false,"p":"0.5503","q":"3607.9","s":"XRPUSDT"},"received_t":"2024-07-19 08:36:59.683288221","stream":"xrpusdt@aggTrade"}
{"data":{"E":"2024-07-19 08:36:59.944","T":"2024-07-19 08:36:59.944","X":"MARKET","e":"trade","m":false,"p":"0.5503","q":"1564.6","s":"XRPUSDT","t":1530384724},"received_t":"2024-07-19 08:36:59.953928942","stream":"xrpusdt@trade"}
{"data":{"E":"2024-07-19 08:36:59.944","T":"2024-07-19 08:36:59.944","X":"MARKET","e":"trade","m":false,"p":"0.5503","q":"364.8","s":"XRPUSDT","t":1530384725},"received_t":"2024-07-19 08:36:59.954197979","stream":"xrpusdt@trade"}
{"data":{"E":"2024-07-19 08:36:59.944","T":"2024-07-19 08:36:59.944","X":"MARKET","e":"trade","m":false,"p":"0.5503","q":"1678.4","s":"XRPUSDT","t":1530384726},"received_t":"2024-07-19 08:36:59.954474675","stream":"xrpusdt@trade"}
{"data":{"E":"2024-07-19 08:36:59.986","T":"2024-07-19 08:36:59.985","X":"MARKET","e":"trade","m":false,"p":"0.5503","q":"1000.0","s":"XRPUSDT","t":1530384727},"received_t":"2024-07-19 08:36:59.995637994","stream":"xrpusdt@trade"}
{"data":{"E":"2024-07-19 08:37:00.069","T":"2024-07-19 08:37:00.069","X":"MARKET","e":"trade","m":false,"p":"0.5503","q":"839.8","s":"XRPUSDT","t":1530384728},"received_t":"2024-07-19 08:37:00.078875406","stream":"xrpusdt@trade"}
{"data":{"E":"2024-07-19 08:37:00.070","T":"2024-07-19 08:36:59.944","a":430777427,"e":"aggTrade","f":1530384724,"l":1530384727,"m":false,"p":"0.5503","q":"4607.8","s":"XRPUSDT"},"received_t":"2024-07-19 08:37:00.080181713","stream":"xrpusdt@aggTrade"}
{"data":{"E":"2024-07-19 08:37:00.135","T":"2024-07-19 08:37:00.134","X":"MARKET","e":"trade","m":false,"p":"0.5503","q":"0.5","s":"XRPUSDT","t":1530384729},"received_t":"2024-07-19 08:37:00.144433096","stream":"xrpusdt@trade"}
{"data":{"E":"2024-07-19 08:37:00.143","T":"2024-07-19 08:37:00.143","X":"MARKET","e":"trade","m":false,"p":"0.5503","q":"908.4","s":"XRPUSDT","t":1530384730},"received_t":"2024-07-19 08:37:00.152305869","stream":"xrpusdt@trade"}
{"data":{"E":"2024-07-19 08:37:00.221","T":"2024-07-19 08:37:00.069","a":430777428,"e":"aggTrade","f":1530384728,"l":1530384730,"m":false,"p":"0.5503","q":"1748.7","s":"XRPUSDT"},"received_t":"2024-07-19 08:37:00.230148945","stream":"xrpusdt@aggTrade"}
{"data":{"E":"2024-07-19 08:37:00.267","T":"2024-07-19 08:37:00.267","X":"MARKET","e":"trade","m":false,"p":"0.5503","q":"2000.0","s":"XRPUSDT","t":1530384731},"received_t":"2024-07-19 08:37:00.277444975","stream":"xrpusdt@trade"}
{"data":{"E":"2024-07-19 08:37:00.294","T":"2024-07-19 08:37:00.294","X":"MARKET","e":"trade","m":false,"p":"0.5503","q":"2484.8","s":"XRPUSDT","t":1530384732},"received_t":"2024-07-19 08:37:00.303446857","stream":"xrpusdt@trade"}
{"data":{"E":"2024-07-19 08:37:00.294","T":"2024-07-19 08:37:00.294","X":"MARKET","e":"trade","m":false,"p":"0.5503","q":"433.5","s":"XRPUSDT","t":1530384733},"received_t":"2024-07-19 08:37:00.304168286","stream":"xrpusdt@trade"}
{"data":{"E":"2024-07-19 08:37:00.294","T":"2024-07-19 08:37:00.294","X":"MARKET","e":"trade","m":false,"p":"0.5503","q":"689.6","s":"XRPUSDT","t":1530384734},"received_t":"2024-07-19 08:37:00.304357040","stream":"xrpusdt@trade"}
{"data":{"E":"2024-07-19 08:37:00.358","T":"2024-07-19 08:37:00.358","X":"MARKET","e":"trade","m":true,"p":"0.5502","q":"100.0","s":"XRPUSDT","t":1530384735},"received_t":"2024-07-19 08:37:00.367641250","stream":"xrpusdt@trade"}
{"data":{"E":"2024-07-19 08:37:00.360","T":"2024-07-19 08:37:00.267","a":430777429,"e":"aggTrade","f":1530384731,"l":1530384734,"m":false,"p":"0.5503","q":"5607.9","s":"XRPUSDT"},"received_t":"2024-07-19 08:37:00.369328210","stream":"xrpusdt@aggTrade"}
{"data":{"E":"2024-07-19 08:37:00.511","T":"2024-07-19 08:37:00.358","a":430777430,"e":"aggTrade","f":1530384735,"l":1530384735,"m":true,"p":"0.5502","q":"100.0","s":"XRPUSDT"},"received_t":"2024-07-19 08:37:00.520262199","stream":"xrpusdt@aggTrade"}
{"data":{"E":"2024-07-19 08:37:00.654","T":"2024-07-19 08:37:00.653","X":"MARKET","e":"trade","m":false,"p":"0.5503","q":"359.3","s":"XRPUSDT","t":1530384736},"received_t":"2024-07-19 08:37:00.662923846","stream":"xrpusdt@trade"}
{"data":{"E":"2024-07-19 08:37:00.654","T":"2024-07-19 08:37:00.653","X":"MARKET","e":"trade","m":false,"p":"0.5503","q":"101.8","s":"XRPUSDT","t":1530384737},"received_t":"2024-07-19 08:37:00.663201975","stream":"xrpusdt@trade"}
{"data":{"E":"2024-07-19 08:37:00.654","T":"2024-07-19 08:37:00.653","X":"MARKET","e":"trade","m":false,"p":"0.5503","q":"36.8","s":"XRPUSDT","t":1530384738},"received_t":"2024-07-19 08:37:00.663410521","stream":"xrpusdt@trade"}
{"data":{"E":"2024-07-19 08:37:00.654","T":"2024-07-19 08:37:00.653","X":"MARKET","e":"trade","m":false,"p":"0.5503","q":"31.5","s":"XRPUSDT","t":1530384739},"received_t":"2024-07-19 08:37:00.663600683","stream":"xrpusdt@trade"}
{"data":{"E":"2024-07-19 08:37:00.654","T":"2024-07-19 08:37:00.653","X":"MARKET","e":"trade","m":false,"p":"0.5504","q":"3078.5","s":"XRPUSDT","t":1530384740},"received_t":"2024-07-19 08:37:00.663898356","stream":"xrpusdt@trade"}
{"data":{"E":"2024-07-19 08:37:00.657","T":"2024-07-19 08:37:00.653","a":430777431,"e":"aggTrade","f":1530384736,"l":1530384739,"m":false,"p":"0.5503","q":"529.4","s":"XRPUSDT"},"received_t":"2024-07-19 08:37:00.664989498","stream":"xrpusdt@aggTrade"}
{"data":{"E":"2024-07-19 08:37:00.808","T":"2024-07-19 08:37:00.653","a":430777432,"e":"aggTrade","f":1530384740,"l":1530384740,"m":false,"p":"0.5504","q":"3078.5","s":"XRPUSDT"},"received_t":"2024-07-19 08:37:00.816244039","stream":"xrpusdt@aggTrade"}
{"data":{"E":"2024-07-19 08:37:00.958","T":"2024-07-19 08:37:00.958","X":"MARKET","e":"trade","m":false,"p":"0.5504","q":"363.4","s":"XRPUSDT","t":1530384741},"received_t":"2024-07-19 08:37:00.966467898","stream":"xrpusdt@trade"}
{"data":{"E":"2024-07-19 08:37:01.099","T":"2024-07-19 08:37:01.099","X":"MARKET","e":"trade","m":false,"p":"0.5504","q":"0.3","s":"XRPUSDT","t":1530384742},"received_t":"2024-07-19 08:37:01.108055575","stream":"xrpusdt@trade"}
{"data":{"E":"2024-07-19 08:37:01.102","T":"2024-07-19 08:37:00.958","a":430777433,"e":"aggTrade","f":1530384741,"l":1530384741,"m":false,"p":"0.5504","q":"363.4","s":"XRPUSDT"},"received_t":"2024-07-19 08:37:01.111507073","stream":"xrpusdt@aggTrade"}
{"data":{"E":"2024-07-19 08:37:01.155","T":"2024-07-19 08:37:01.155","X":"MARKET","e":"trade","m":false,"p":"0.5504","q":"400.0","s":"XRPUSDT","t":1530384743},"received_t":"2024-07-19 08:37:01.164899843","stream":"xrpusdt@trade"}
{"data":{"E":"2024-07-19 08:37:01.246","T":"2024-07-19 08:37:01.099","a":430777434,"e":"aggTrade","f":1530384742,"l":1530384743,"m":false,"p":"0.5504","q":"400.3","s":"XRPUSDT"},"received_t":"2024-07-19 08:37:01.256554996","stream":"xrpusdt@aggTrade"}
{"data":{"E":"2024-07-19 08:37:01.244","T":"2024-07-19 08:37:01.244","X":"MARKET","e":"trade","m":false,"p":"0.5504","q":"0.3","s":"XRPUSDT","t":1530384744},"received_t":"2024-07-19 08:37:01.264214079","stream":"xrpusdt@trade"}
{"data":{"E":"2024-07-19 08:37:01.304","T":"2024-07-19 08:37:01.304","X":"MARKET","e":"trade","m":true,"p":"0.5503","q":"2150.0","s":"XRPUSDT","t":1530384745},"received_t":"2024-07-19 08:37:01.313809449","stream":"xrpusdt@trade"}
{"data":{"E":"2024-07-19 08:37:01.304","T":"2024-07-19 08:37:01.304","X":"MARKET","e":"trade","m":true,"p":"0.5503","q":"1291.8","s":"XRPUSDT","t":1530384746},"received_t":"2024-07-19 08:37:01.314019652","stream":"xrpusdt@trade"}
{"data":{"E":"2024-07-19 08:37:01.304","T":"2024-07-19 08:37:01.304","X":"MARKET","e":"trade","m":true,"p":"0.5503","q":"65.4","s":"XRPUSDT","t":1530384747},"received_t":"2024-07-19 08:37:01.314241539","stream":"xrpusdt@trade"}
{"data":{"E":"2024-07-19 08:37:01.306","T":"2024-07-19 08:37:01.244","a":430777435,"e":"aggTrade","f":1530384744,"l":1530384744,"m":false,"p":"0.5504","q":"0.3","s":"XRPUSDT"},"received_t":"2024-07-19 08:37:01.316050766","stream":"xrpusdt@aggTrade"}
{"data":{"E":"2024-07-19 08:37:01.432","T":"2024-07-19 08:37:01.304","a":430777436,"e":"aggTrade","f":1530384745,"l":1530384747,"m":true,"p":"0.5503","q":"3507.2","s":"XRPUSDT"},"received_t":"2024-07-19 08:37:01.442369856","stream":"xrpusdt@aggTrade"}
{"data":{"E":"2024-07-19 08:37:01.432","T":"2024-07-19 08:37:01.429","a":430777437,"e":"aggTrade","f":1530384748,"l":1530384764,"m":false,"p":"0.5504","q":"31574.2","s":"XRPUSDT"},"received_t":"2024-07-19 08:37:01.442712010","stream":"xrpusdt@aggTrade"}
{"data":{"E":"2024-07-19 08:37:01.430","T":"2024-07-19 08:37:01.429","X":"MARKET","e":"trade","m":false,"p":"0.5504","q":"70.3","s":"XRPUSDT","t":1530384748},"received_t":"2024-07-19 08:37:01.443900635","stream":"xrpusdt@trade"}
{"data":{"E":"2024-07-19 08:37:01.430","T":"2024-07-19 08:37:01.429","X":"MARKET","e":"trade","m":false,"p":"0.5504","q":"120.9","s":"XRPUSDT","t":1530384749},"received_t":"2024-07-19 08:37:01.444085141","stream":"xrpusdt@trade"}
{"data":{"E":"2024-07-19 08:37:01.430","T":"2024-07-19 08:37:01.429","X":"MARKET","e":"trade","m":false,"p":"0.5504","q":"9.1","s":"XRPUSDT","t":1530384750},"received_t":"2024-07-19 08:37:01.444239551","stream":"xrpusdt@trade"}
{"data":{"E":"2024-07-19 08:37:01.430","T":"2024-07-19 08:37:01.429","X":"MARKET","e":"trade","m":false,"p":"0.5504","q":"127.1","s":"XRPUSDT","t":1530384751},"received_t":"2024-07-19 08:37:01.444436928","stream":"xrpusdt@trade"}
{"data":{"E":"2024-07-19 08:37:01.430","T":"2024-07-19 08:37:01.429","X":"MARKET","e":"trade","m":false,"p":"0.5504","q":"1060.9","s":"XRPUSDT","t":1530384752},"received_t":"2024-07-19 08:37:01.444630428","stream":"xrpusdt@trade"}
{"data":{"E":"2024-07-19 08:37:01.430","T":"2024-07-19 08:37:01.429","X":"MARKET","e":"trade","m":false,"p":"0.5504","q":"2003.6","s":"XRPUSDT","t":1530384753},"received_t":"2024-07-19 08:37:01.444807144","stream":"xrpusdt@trade"}
{"data":{"E":"2024-07-19 08:37:01.430","T":"2024-07-19 08:37:01.429","X":"MARKET","e":"trade","m":false,"p":"0.5504","q":"29.0","s":"XRPUSDT","t":1530384754},"received_t":"2024-07-19 08:37:01.444971374","stream":"xrpusdt@trade"}
{"data":{"E":"2024-07-19 08:37:01.430","T":"2024-07-19 08:37:01.429","X":"MARKET","e":"trade","m":false,"p":"0.5504","q":"11.0","s":"XRPUSDT","t":1530384755},"received_t":"2024-07-19 08:37:01.445158200","stream":"xrpusdt@trade"}
{"data":{"E":"2024-07-19 08:37:01.430","T":"2024-07-19 08:37:01.429","X":"MARKET","e":"trade","m":false,"p":"0.5504","q":"364.8","s":"XRPUSDT","t":1530384756},"received_t":"2024-07-19 08:37:01.445347398","stream":"xrpusdt@trade"}
{"data":{"E":"2024-07-19 08:37:01.430","T":"2024-07-19 08:37:01.429","X":"MARKET","e":"trade","m":false,"p":"0.5504","q":"111.9","s":"XRPUSDT","t":1530384757},"received_t":"2024-07-19 08:37:01.445561030","stream":"xrpusdt@trade"}
{"data":{"E":"2024-07-19 08:37:01.430","T":"2024-07-19 08:37:01.429","X":"MARKET","e":"trade","m":false,"p":"0.5504","q":"332.0","s":"XRPUSDT","t":1530384758},"received_t":"2024-07-19 08:37:01.445784120","stream":"xrpusdt@trade"}
{"data":{"E":"2024-07-19 08:37:01.430","T":"2024-07-19 08:37:01.429","X":"MARKET","e":"trade","m":false,"p":"0.5504","q":"63.8","s":"XRPUSDT","t":1530384759},"received_t":"2024-07-19 08:37:01.445993078","stream":"xrpusdt@trade"}
{"data":{"E":"2024-07-19 08:37:01.430","T":"2024-07-19 08:37:01.429","X":"MARKET","e":"trade","m":false,"p":"0.5504","q":"8911.9","s":"XRPUSDT","t":1530384760},"received_t":"2024-07-19 08:37:01.446237384","stream":"xrpusdt@trade"}
{"data":{"E":"2024-07-19 08:37:01.430","T":"2024-07-19 08:37:01.429","X":"MARKET","e":"trade","m":false,"p":"0.5504","q":"4000.0","s":"XRPUSDT","t":1530384761},"received_t":"2024-07-19 08:37:01.446430769","stream":"xrpusdt@trade"}
{"data":{"E":"2024-07-19 08:37:01.430","T":"2024-07-19 08:37:01.429","X":"MARKET","e":"trade","m":false,"p":"0.5504","q":"8316.6","s":"XRPUSDT","t":1530384762},"received_t":"2024-07-19 08:37:01.446642223","stream":"xrpusdt@trade"}
{"data":{"E":"2024-07-19 08:37:01.430","T":"2024-07-19 08:37:01.429","X":"MARKET","e":"trade","m":false,"p":"0.5504","q":"4000.0","s":"XRPUSDT","t":1530384763},"received_t":"2024-07-19 08:37:01.446820050","stream":"xrpusdt@trade"}
{"data":{"E":"2024-07-19 08:37:01.430","T":"2024-07-19 08:37:01.429","X":"MARKET","e":"trade","m":false,"p":"0.5504","q":"2041.3","s":"XRPUSDT","t":1530384764},"received_t":"2024-07-19 08:37:01.446998491","stream":"xrpusdt@trade"}
{"data":{"E":"2024-07-19 08:37:01.430","T":"2024-07-19 08:37:01.429","X":"MARKET","e":"trade","m":false,"p":"0.5505","q":"70.3","s":"XRPUSDT","t":1530384765},"received_t":"2024-07-19 08:37:01.447179498","stream":"xrpusdt@trade"}
{"data":{"E":"2024-07-19 08:37:01.430","T":"2024-07-19 08:37:01.429","X":"MARKET","e":"trade","m":false,"p":"0.5505","q":"70.3","s":"XRPUSDT","t":1530384766},"received_t":"2024-07-19 08:37:01.447330136","stream":"xrpusdt@trade"}
{"data":{"E":"2024-07-19 08:37:01.430","T":"2024-07-19 08:37:01.429","X":"MARKET","e":"trade","m":false,"p":"0.5505","q":"8316.6","s":"XRPUSDT","t":1530384767},"received_t":"2024-07-19 08:37:01.447524398","stream":"xrpusdt@trade"}
{"data":{"E":"2024-07-19 08:37:01.430","T":"2024-07-19 08:37:01.429","X":"MARKET","e":"trade","m":false,"p":"0.5505","q":"10500.0","s":"XRPUSDT","t":1530384768},"received_t":"2024-07-19 08:37:01.447701189","stream":"xrpusdt@trade"}
{"data":{"E":"2024-07-19 08:37:01.430","T":"2024-07-19 08:37:01.429","X":"MARKET","e":"trade","m":false,"p":"0.5505","q":"3149.3","s":"XRPUSDT","t":1530384769},"received_t":"2024-07-19 08:37:01.447867109","stream":"xrpusdt@trade"}
{"data":{"E":"2024-07-19 08:37:01.433","T":"2024-07-19 08:37:01.433","X":"MARKET","e":"trade","m":false,"p":"0.5505","q":"2276.8","s":"XRPUSDT","t":1530384770},"received_t":"2024-07-19 08:37:01.448119239","stream":"xrpusdt@trade"}
{"data":{"E":"2024-07-19 08:37:01.433","T":"2024-07-19 08:37:01.433","X":"MARKET","e":"trade","m":false,"p":"0.5505","q":"2217.2","s":"XRPUSDT","t":1530384771},"received_t":"2024-07-19 08:37:01.448336188","stream":"xrpusdt@trade"}
{"data":{"E":"2024-07-19 08:37:01.433","T":"2024-07-19 08:37:01.433","X":"MARKET","e":"trade","m":false,"p":"0.5505","q":"885.3","s":"XRPUSDT","t":1530384772},"received_t":"2024-07-19 08:37:01.448531577","stream":"xrpusdt@trade"}
{"data":{"E":"2024-07-19 08:37:01.433","T":"2024-07-19 08:37:01.433","X":"MARKET","e":"trade","m":false,"p":"0.5505","q":"4226.9","s":"XRPUSDT","t":1530384773},"received_t":"2024-07-19 08:37:01.448718491","stream":"xrpusdt@trade"}
{"data":{"E":"2024-07-19 08:37:01.433","T":"2024-07-19 08:37:01.433","X":"MARKET","e":"trade","m":false,"p":"0.5505","q":"3511.2","s":"XRPUSDT","t":1530384774},"received_t":"2024-07-19 08:37:01.448879698","stream":"xrpusdt@trade"}
{"data":{"E":"2024-07-19 08:37:01.433","T":"2024-07-19 08:37:01.433","X":"MARKET","e":"trade","m":false,"p":"0.5505","q":"4478.5","s":"XRPUSDT","t":1530384775},"received_t":"2024-07-19 08:37:01.449077853","stream":"xrpusdt@trade"}
{"data":{"E":"2024-07-19 08:37:01.433","T":"2024-07-19 08:37:01.433","X":"MARKET","e":"trade","m":false,"p":"0.5505","q":"9.1","s":"XRPUSDT","t":1530384776},"received_t":"2024-07-19 08:37:01.449260352","stream":"xrpusdt@trade"}
{"data":{"E":"2024-07-19 08:37:01.433","T":"2024-07-19 08:37:01.433","X":"MARKET","e":"trade","m":false,"p":"0.5505","q":"13221.4","s":"XRPUSDT","t":1530384777},"received_t":"2024-07-19 08:37:01.449445858","stream":"xrpusdt@trade"}
{"data":{"E":"2024-07-19 08:37:01.433","T":"2024-07-19 08:37:01.433","X":"MARKET","e":"trade","m":false,"p":"0.5505","q":"30.0","s":"XRPUSDT","t":1530384778},"received_t":"2024-07-19 08:37:01.449631775","stream":"xrpusdt@trade"}
{"data":{"E":"2024-07-19 08:37:01.433","T":"2024-07-19 08:37:01.433","X":"MARKET","e":"trade","m":false,"p":"0.5505","q":"127.4","s":"XRPUSDT","t":1530384779},"received_t":"2024-07-19 08:37:01.449820315","stream":"xrpusdt@trade"}
{"data":{"E":"2024-07-19 08:37:01.433","T":"2024-07-19 08:37:01.433","X":"MARKET","e":"trade","m":false,"p":"0.5505","q":"5664.5","s":"XRPUSDT","t":1530384780},"received_t":"2024-07-19 08:37:01.449991014","stream":"xrpusdt@trade"}
{"data":{"E":"2024-07-19 08:37:01.433","T":"2024-07-19 08:37:01.433","X":"MARKET","e":"trade","m":false,"p":"0.5505","q":"12095.0","s":"XRPUSDT","t":1530384781},"received_t":"2024-07-19 08:37:01.450163188","stream":"xrpusdt@trade"}
{"data":{"E":"2024-07-19 08:37:01.433","T":"2024-07-19 08:37:01.433","X":"MARKET","e":"trade","m":false,"p":"0.5505","q":"9.3","s":"XRPUSDT","t":1530384782},"received_t":"2024-07-19 08:37:01.450359674","stream":"xrpusdt@trade"}
{"data":{"E":"2024-07-19 08:37:01.433","T":"2024-07-19 08:37:01.433","X":"MARKET","e":"trade","m":false,"p":"0.5505","q":"7000.0","s":"XRPUSDT","t":1530384783},"received_t":"2024-07-19 08:37:01.450550175","stream":"xrpusdt@trade"}
{"data":{"E":"2024-07-19 08:37:01.433","T":"2024-07-19 08:37:01.433","X":"MARKET","e":"trade","m":false,"p":"0.5505","q":"1613.0","s":"XRPUSDT","t":1530384784},"received_t":"2024-07-19 08:37:01.450713584","stream":"xrpusdt@trade"}
{"data":{"E":"2024-07-19 08:37:01.433","T":"2024-07-19 08:37:01.433","X":"MARKET","e":"trade","m":false,"p":"0.5505","q":"9.1","s":"XRPUSDT","t":1530384785},"received_t":"2024-07-19 08:37:01.450891477","stream":"xrpusdt@trade"}
{"data":{"E":"2024-07-19 08:37:01.433","T":"2024-07-19 08:37:01.433","X":"MARKET","e":"trade","m":false,"p":"0.5505","q":"11.0","s":"XRPUSDT","t":1530384786},"received_t":"2024-07-19 08:37:01.451087113","stream":"xrpusdt@trade"}
{"data":{"E":"2024-07-19 08:37:01.563","T":"2024-07-19 08:37:01.562","X":"MARKET","e":"trade","m":true,"p":"0.5505","q":"16.3","s":"XRPUSDT","t":1530384787},"received_t":"2024-07-19 08:37:01.571779277","stream":"xrpusdt@trade"}
{"data":{"E":"2024-07-19 08:37:01.564","T":"2024-07-19 08:37:01.429","a":430777438,"e":"aggTrade","f":1530384765,"l":1530384786,"m":false,"p":"0.5505","q":"79492.2","s":"XRPUSDT"},"received_t":"2024-07-19 08:37:01.574366128","stream":"xrpusdt@aggTrade"}
{"data":{"E":"2024-07-19 08:37:01.715","T":"2024-07-19 08:37:01.562","a":430777439,"e":"aggTrade","f":1530384787,"l":1530384787,"m":true,"p":"0.5505","q":"16.3","s":"XRPUSDT"},"received_t":"2024-07-19 08:37:01.724307125","stream":"xrpusdt@aggTrade"}
{"data":{"E":"2024-07-19 08:37:01.764","T":"2024-07-19 08:37:01.760","X":"MARKET","e":"trade","m":true,"p":"0.5505","q":"2333.7","s":"XRPUSDT","t":1530384788},"received_t":"2024-07-19 08:37:01.803969318","stream":"xrpusdt@trade"}
{"data":{"E":"2024-07-19 08:37:01.764","T":"2024-07-19 08:37:01.760","X":"MARKET","e":"trade","m":true,"p":"0.5505","q":"3487.0","s":"XRPUSDT","t":1530384789},"received_t":"2024-07-19 08:37:01.804205709","stream":"xrpusdt@trade"}
{"data":{"E":"2024-07-19 08:37:01.764","T":"2024-07-19 08:37:01.760","X":"MARKET","e":"trade","m":true,"p":"0.5505","q":"35.5","s":"XRPUSDT","t":1530384790},"received_t":"2024-07-19 08:37:01.804377387","stream":"xrpusdt@trade"}
{"data":{"E":"2024-07-19 08:37:01.764","T":"2024-07-19 08:37:01.760","X":"MARKET","e":"trade","m":true,"p":"0.5505","q":"1584.8","s":"XRPUSDT","t":1530384791},"received_t":"2024-07-19 08:37:01.804619986","stream":"xrpusdt@trade"}
{"data":{"E":"2024-07-19 08:37:01.764","T":"2024-07-19 08:37:01.760","X":"MARKET","e":"trade","m":true,"p":"0.5505","q":"140.6","s":"XRPUSDT","t":1530384792},"received_t":"2024-07-19 08:37:01.804776263","stream":"xrpusdt@trade"}
{"data":{"E":"2024-07-19 08:37:01.764","T":"2024-07-19 08:37:01.760","X":"MARKET","e":"trade","m":true,"p":"0.5505","q":"140.6","s":"XRPUSDT","t":1530384793},"received_t":"2024-07-19 08:37:01.804943942","stream":"xrpusdt@trade"}
{"data":{"E":"2024-07-19 08:37:01.764","T":"2024-07-19 08:37:01.760","X":"MARKET","e":"trade","m":true,"p":"0.5505","q":"12.5","s":"XRPUSDT","t":1530384794},"received_t":"2024-07-19 08:37:01.805163480","stream":"xrpusdt@trade"}
{"data":{"E":"2024-07-19 08:37:01.764","T":"2024-07-19 08:37:01.760","X":"MARKET","e":"trade","m":true,"p":"0.5505","q":"388.6","s":"XRPUSDT","t":1530384795},"received_t":"2024-07-19 08:37:01.805360036","stream":"xrpusdt@trade"}
{"data":{"E":"2024-07-19 08:37:01.766","T":"2024-07-19 08:37:01.762","X":"MARKET","e":"trade","m":true,"p":"0.5505","q":"3838.4","s":"XRPUSDT","t":1530384796},"received_t":"2024-07-19 08:37:01.805554656","stream":"xrpusdt@trade"}
{"data":{"E":"2024-07-19 08:37:01.766","T":"2024-07-19 08:37:01.762","X":"MARKET","e":"trade","m":true,"p":"0.5505","q":"3958.9","s":"XRPUSDT","t":1530384797},"received_t":"2024-07-19 08:37:01.805789189","stream":"xrpusdt@trade"}
{"data":{"E":"2024-07-19 08:37:01.766","T":"2024-07-19 08:37:01.762","X":"MARKET","e":"trade","m":true,"p":"0.5505","q":"30.0","s":"XRPUSDT","t":1530384798},"received_t":"2024-07-19 08:37:01.805958714","stream":"xrpusdt@trade"}
{"data":{"E":"2024-07-19 08:37:01.766","T":"2024-07-19 08:37:01.762","X":"MARKET","e":"trade","m":true,"p":"0.5505","q":"5476.1","s":"XRPUSDT","t":1530384799},"received_t":"2024-07-19 08:37:01.806163768","stream":"xrpusdt@trade"}
{"data":{"E":"2024-07-19 08:37:01.767","T":"2024-07-19 08:37:01.762","X":"MARKET","e":"trade","m":true,"p":"0.5505","q":"110.4","s":"XRPUSDT","t":1530384800},"received_t":"2024-07-19 08:37:01.806390983","stream":"xrpusdt@trade"}
{"data":{"E":"2024-07-19 08:37:01.767","T":"2024-07-19 08:37:01.762","X":"MARKET","e":"trade","m":true,"p":"0.5505","q":"672.6","s":"XRPUSDT","t":1530384801},"received_t":"2024-07-19 08:37:01.806545967","stream":"xrpusdt@trade"}
{"data":{"E":"2024-07-19 08:37:01.767","T":"2024-07-19 08:37:01.762","X":"MARKET","e":"trade","m":true,"p":"0.5505","q":"6941.7","s":"XRPUSDT","t":1530384802},"received_t":"2024-07-19 08:37:01.806744881","stream":"xrpusdt@trade"}
{"data":{"E":"2024-07-19 08:37:01.767","T":"2024-07-19 08:37:01.762","X":"MARKET","e":"trade","m":true,"p":"0.5505","q":"364.8","s":"XRPUSDT","t":1530384803},"received_t":"2024-07-19 08:37:01.806923510","stream":"xrpusdt@trade"}
{"data":{"E":"2024-07-19 08:37:01.915","T":"2024-07-19 08:37:01.760","a":430777440,"e":"aggTrade","f":1530384788,"l":1530384803,"m":true,"p":"0.5505","q":"29516.2","s":"XRPUSDT"},"received_t":"2024-07-19 08:37:01.923370721","stream":"xrpusdt@aggTrade"}
{"data":{"E":"2024-07-19 08:37:02.062","T":"2024-07-19 08:37:02.061","X":"MARKET","e":"trade","m":true,"p":"0.5504","q":"24.6","s":"XRPUSDT","t":1530384804},"received_t":"2024-07-19 08:37:02.070782398","stream":"xrpusdt@trade"}
{"data":{"E":"2024-07-19 08:37:02.067","T":"2024-07-19 08:37:02.067","X":"MARKET","e":"trade","m":true,"p":"0.5504","q":"111.5","s":"XRPUSDT","t":1530384805},"received_t":"2024-07-19 08:37:02.077181966","stream":"xrpusdt@trade"}
{"data":{"E":"2024-07-19 08:37:02.067","T":"2024-07-19 08:37:02.067","X":"MARKET","e":"trade","m":true,"p":"0.5504","q":"111.5","s":"XRPUSDT","t":1530384806},"received_t":"2024-07-19 08:37:02.077400323","stream":"xrpusdt@trade"}
{"data":{"E":"2024-07-19 08:37:02.067","T":"2024-07-19 08:37:02.067","X":"MARKET","e":"trade","m":true,"p":"0.5504","q":"111.5","s":"XRPUSDT","t":1530384807},"received_t":"2024-07-19 08:37:02.077633854","stream":"xrpusdt@trade"}
{"data":{"E":"2024-07-19 08:37:02.067","T":"2024-07-19 08:37:02.067","X":"MARKET","e":"trade","m":true,"p":"0.5504","q":"0.2","s":"XRPUSDT","t":1530384808},"received_t":"2024-07-19 08:37:02.077831022","stream":"xrpusdt@trade"}
{"data":{"E":"2024-07-19 08:37:02.067","T":"2024-07-19 08:37:02.067","X":"MARKET","e":"trade","m":true,"p":"0.5504","q":"30.0","s":"XRPUSDT","t":1530384809},"received_t":"2024-07-19 08:37:02.078006907","stream":"xrpusdt@trade"}
{"data":{"E":"2024-07-19 08:37:02.100","T":"2024-07-19 08:37:02.100","X":"MARKET","e":"trade","m":false,"p":"0.5504","q":"81.3","s":"XRPUSDT","t":1530384810},"received_t":"2024-07-19 08:37:02.109194339","stream":"xrpusdt@trade"}
{"data":{"E":"2024-07-19 08:37:02.100","T":"2024-07-19 08:37:02.100","X":"MARKET","e":"trade","m":false,"p":"0.5504","q":"1051.8","s":"XRPUSDT","t":1530384811},"received_t":"2024-07-19 08:37:02.109412045","stream":"xrpusdt@trade"}
{"data":{"E":"2024-07-19 08:37:02.102","T":"2024-07-19 08:37:02.061","a":430777441,"e":"aggTrade","f":1530384804,"l":1530384809,"m":true,"p":"0.5504","q":"389.3","s":"XRPUSDT"},"received_t":"2024-07-19 08:37:02.112043312","stream":"xrpusdt@aggTrade"}
{"data":{"E":"2024-07-19 08:37:02.253","T":"2024-07-19 08:37:02.100","a":430777442,"e":"aggTrade","f":1530384810,"l":1530384811,"m":false,"p":"0.5504","q":"1133.1","s":"XRPUSDT"},"received_t":"2024-07-19 08:37:02.261174605","stream":"xrpusdt@aggTrade"}
{"data":{"E":"2024-07-19 08:37:02.473","T":"2024-07-19 08:37:02.472","X":"MARKET","e":"trade","m":false,"p":"0.5504","q":"2035.5","s":"XRPUSDT","t":1530384812},"received_t":"2024-07-19 08:37:02.482148092","stream":"xrpusdt@trade"}
{"data":{"E":"2024-07-19 08:37:02.501","T":"2024-07-19 08:37:02.501","X":"MARKET","e":"trade","m":true,"p":"0.5503","q":"45.4","s":"XRPUSDT","t":1530384813},"received_t":"2024-07-19 08:37:02.511235225","stream":"xrpusdt@trade"}
{"data":{"E":"2024-07-19 08:37:02.503","T":"2024-07-19 08:37:02.472","a":430777443,"e":"aggTrade","f":1530384812,"l":1530384812,"m":false,"p":"0.5504","q":"2035.5","s":"XRPUSDT"},"received_t":"2024-07-19 08:37:02.513249793","stream":"xrpusdt@aggTrade"}
{"data":{"E":"2024-07-19 08:37:02.635","T":"2024-07-19 08:37:02.635","X":"MARKET","e":"trade","m":false,"p":"0.5504","q":"0.7","s":"XRPUSDT","t":1530384814},"received_t":"2024-07-19 08:37:02.644635172","stream":"xrpusdt@trade"}
{"data":{"E":"2024-07-19 08:37:02.639","T":"2024-07-19 08:37:02.501","a":430777444,"e":"aggTrade","f":1530384813,"l":1530384813,"m":true,"p":"0.5503","q":"45.4","s":"XRPUSDT"},"received_t":"2024-07-19 08:37:02.648676232","stream":"xrpusdt@aggTrade"}
{"data":{"E":"2024-07-19 08:37:02.790","T":"2024-07-19 08:37:02.635","a":430777445,"e":"aggTrade","f":1530384814,"l":1530384814,"m":false,"p":"0.5504","q":"0.7","s":"XRPUSDT"},"received_t":"2024-07-19 08:37:02.799339858","stream":"xrpusdt@aggTrade"}
{"data":{"E":"2024-07-19 08:37:03.061","T":"2024-07-19 08:37:03.060","X":"MARKET","e":"trade","m":true,"p":"0.5503","q":"20.1","s":"XRPUSDT","t":1530384815},"received_t":"2024-07-19 08:37:03.070512920","stream":"xrpusdt@trade"}
{"data":{"E":"2024-07-19 08:37:03.191","T":"2024-07-19 08:37:03.191","X":"MARKET","e":"trade","m":true,"p":"0.5503","q":"3373.2","s":"XRPUSDT","t":1530384816},"received_t":"2024-07-19 08:37:03.201352372","stream":"xrpusdt@trade"}
{"data":{"E":"2024-07-19 08:37:03.192","T":"2024-07-19 08:37:03.060","a":430777446,"e":"aggTrade","f":1530384815,"l":1530384815,"m":true,"p":"0.5503","q":"20.1","s":"XRPUSDT"},"received_t":"2024-07-19 08:37:03.202402477","stream":"xrpusdt@aggTrade"}
{"data":{"E":"2024-07-19 08:37:03.269","T":"2024-07-19 08:37:03.269","X":"MARKET","e":"trade","m":true,"p":"0.5503","q":"25.0","s":"XRPUSDT","t":1530384817},"received_t":"2024-07-19 08:37:03.279011671","stream":"xrpusdt@trade"}
{"data":{"E":"2024-07-19 08:37:03.328","T":"2024-07-19 08:37:03.327","X":"MARKET","e":"trade","m":false,"p":"0.5504","q":"61.2","s":"XRPUSDT","t":1530384818},"received_t":"2024-07-19 08:37:03.336892456","stream":"xrpusdt@trade"}
{"data":{"E":"2024-07-19 08:37:03.328","T":"2024-07-19 08:37:03.327","X":"MARKET","e":"trade","m":false,"p":"0.5504","q":"13.2","s":"XRPUSDT","t":1530384819},"received_t":"2024-07-19 08:37:03.337532693","stream":"xrpusdt@trade"}
{"data":{"E":"2024-07-19 08:37:03.328","T":"2024-07-19 08:37:03.327","X":"MARKET","e":"trade","m":false,"p":"0.5504","q":"14.6","s":"XRPUSDT","t":1530384820},"received_t":"2024-07-19 08:37:03.337791949","stream":"xrpusdt@trade"}
{"data":{"E":"2024-07-19 08:37:03.330","T":"2024-07-19 08:37:03.191","a":430777447,"e":"aggTrade","f":1530384816,"l":1530384817,"m":true,"p":"0.5503","q":"3398.2","s":"XRPUSDT"},"received_t":"2024-07-19 08:37:03.339758715","stream":"xrpusdt@aggTrade"}
{"data":{"E":"2024-07-19 08:37:03.378","T":"2024-07-19 08:37:03.378","X":"MARKET","e":"trade","m":true,"p":"0.5503","q":"9.1","s":"XRPUSDT","t":1530384821},"received_t":"2024-07-19 08:37:03.388307556","stream":"xrpusdt@trade"}
{"data":{"E":"2024-07-19 08:37:03.378","T":"2024-07-19 08:37:03.378","X":"MARKET","e":"trade","m":true,"p":"0.5503","q":"30.0","s":"XRPUSDT","t":1530384822},"received_t":"2024-07-19 08:37:03.388546025","stream":"xrpusdt@trade"}
{"data":{"E":"2024-07-19 08:37:03.378","T":"2024-07-19 08:37:03.378","X":"MARKET","e":"trade","m":true,"p":"0.5503","q":"11.0","s":"XRPUSDT","t":1530384823},"received_t":"2024-07-19 08:37:03.388766219","stream":"xrpusdt@trade"}
{"data":{"E":"2024-07-19 08:37:03.378","T":"2024-07-19 08:37:03.378","X":"MARKET","e":"trade","m":true,"p":"0.5503","q":"2388.2","s":"XRPUSDT","t":1530384824},"received_t":"2024-07-19 08:37:03.388965089","stream":"xrpusdt@trade"}
{"data":{"E":"2024-07-19 08:37:03.378","T":"2024-07-19 08:37:03.378","X":"MARKET","e":"trade","m":true,"p":"0.5503","q":"11.4","s":"XRPUSDT","t":1530384825},"received_t":"2024-07-19 08:37:03.389141556","stream":"xrpusdt@trade"}
{"data":{"E":"2024-07-19 08:37:03.378","T":"2024-07-19 08:37:03.378","X":"MARKET","e":"trade","m":true,"p":"0.5503","q":"261.2","s":"XRPUSDT","t":1530384826},"received_t":"2024-07-19 08:37:03.389367218","stream":"xrpusdt@trade"}
{"data":{"E":"2024-07-19 08:37:03.378","T":"2024-07-19 08:37:03.378","X":"MARKET","e":"trade","m":true,"p":"0.5503","q":"64.9","s":"XRPUSDT","t":1530384827},"received_t":"2024-07-19 08:37:03.389552498","stream":"xrpusdt@trade"}
{"data":{"E":"2024-07-19 08:37:03.378","T":"2024-07-19 08:37:03.378","X":"MARKET","e":"trade","m":true,"p":"0.5503","q":"116.9","s":"XRPUSDT","t":1530384828},"received_t":"2024-07-19 08:37:03.389724711","stream":"xrpusdt@trade"}
{"data":{"E":"2024-07-19 08:37:03.378","T":"2024-07-19 08:37:03.378","X":"MARKET","e":"trade","m":true,"p":"0.5503","q":"99.3","s":"XRPUSDT","t":1530384829},"received_t":"2024-07-19 08:37:03.389891806","stream":"xrpusdt@trade"}
{"data":{"E":"2024-07-19 08:37:03.378","T":"2024-07-19 08:37:03.378","X":"MARKET","e":"trade","m":true,"p":"0.5503","q":"359.3","s":"XRPUSDT","t":1530384830},"received_t":"2024-07-19 08:37:03.390076794","stream":"xrpusdt@trade"}
{"data":{"E":"2024-07-19 08:37:03.378","T":"2024-07-19 08:37:03.378","X":"MARKET","e":"trade","m":true,"p":"0.5503","q":"261.2","s":"XRPUSDT","t":1530384831},"received_t":"2024-07-19 08:37:03.390256909","stream":"xrpusdt@trade"}
{"data":{"E":"2024-07-19 08:37:03.378","T":"2024-07-19 08:37:03.378","X":"MARKET","e":"trade","m":true,"p":"0.5503","q":"451.8","s":"XRPUSDT","t":1530384832},"received_t":"2024-07-19 08:37:03.390452106","stream":"xrpusdt@trade"}
{"data":{"E":"2024-07-19 08:37:03.378","T":"2024-07-19 08:37:03.378","X":"MARKET","e":"trade","m":true,"p":"0.5503","q":"364.8","s":"XRPUSDT","t":1530384833},"received_t":"2024-07-19 08:37:03.390649117","stream":"xrpusdt@trade"}
{"data":{"E":"2024-07-19 08:37:03.378","T":"2024-07-19 08:37:03.378","X":"MARKET","e":"trade","m":true,"p":"0.5503","q":"763.0","s":"XRPUSDT","t":1530384834},"received_t":"2024-07-19 08:37:03.390853913","stream":"xrpusdt@trade"}
{"data":{"E":"2024-07-19 08:37:03.378","T":"2024-07-19 08:37:03.378","X":"MARKET","e":"trade","m":true,"p":"0.5503","q":"30.0","s":"XRPUSDT","t":1530384835},"received_t":"2024-07-19 08:37:03.391039401","stream":"xrpusdt@trade"}
{"data":{"E":"2024-07-19 08:37:03.378","T":"2024-07-19 08:37:03.378","X":"MARKET","e":"trade","m":true,"p":"0.5503","q":"159.0","s":"XRPUSDT","t":1530384836},"received_t":"2024-07-19 08:37:03.391194635","stream":"xrpusdt@trade"}
{"data":{"E":"2024-07-19 08:37:03.378","T":"2024-07-19 08:37:03.378","X":"MARKET","e":"trade","m":true,"p":"0.5503","q":"17.3","s":"XRPUSDT","t":1530384837},"received_t":"2024-07-19 08:37:03.391358339","stream":"xrpusdt@trade"}
{"data":{"E":"2024-07-19 08:37:03.380","T":"2024-07-19 08:37:03.327","a":430777448,"e":"aggTrade","f":1530384818,"l":1530384820,"m":false,"p":"0.5504","q":"89.0","s":"XRPUSDT"},"received_t":"2024-07-19 08:37:03.391574347","stream":"xrpusdt@aggTrade"}
{"data":{"E":"2024-07-19 08:37:03.481","T":"2024-07-19 08:37:03.481","X":"MARKET","e":"trade","m":false,"p":"0.5503","q":"1781.7","s":"XRPUSDT","t":1530384838},"received_t":"2024-07-19 08:37:03.490865812","stream":"xrpusdt@trade"}
{"data":{"E":"2024-07-19 08:37:03.481","T":"2024-07-19 08:37:03.481","X":"MARKET","e":"trade","m":false,"p":"0.5503","q":"827.8","s":"XRPUSDT","t":1530384839},"received_t":"2024-07-19 08:37:03.491162105","stream":"xrpusdt@trade"}
{"data":{"E":"2024-07-19 08:37:03.483","T":"2024-07-19 08:37:03.378","a":430777449,"e":"aggTrade","f":1530384821,"l":1530384837,"m":true,"p":"0.5503","q":"5398.4","s":"XRPUSDT"},"received_t":"2024-07-19 08:37:03.492471048","stream":"xrpusdt@aggTrade"}
{"data":{"E":"2024-07-19 08:37:03.542","T":"2024-07-19 08:37:03.481","a":430777450,"e":"aggTrade","f":1530384838,"l":1530384839,"m":false,"p":"0.5503","q":"2609.5","s":"XRPUSDT"},"received_t":"2024-07-19 08:37:03.551517664","stream":"xrpusdt@aggTrade"}
{"data":{"E":"2024-07-19 08:37:03.540","T":"2024-07-19 08:37:03.538","X":"MARKET","e":"trade","m":true,"p":"0.5502","q":"3488.3","s":"XRPUSDT","t":1530384840},"received_t":"2024-07-19 08:37:03.558278224","stream":"xrpusdt@trade"}
{"data":{"E":"2024-07-19 08:37:03.540","T":"2024-07-19 08:37:03.538","X":"MARKET","e":"trade","m":true,"p":"0.5502","q":"4500.0","s":"XRPUSDT","t":1530384841},"received_t":"2024-07-19 08:37:03.558556954","stream":"xrpusdt@trade"}
{"data":{"E":"2024-07-19 08:37:03.540","T":"2024-07-19 08:37:03.538","X":"MARKET","e":"trade","m":true,"p":"0.5502","q":"9.3","s":"XRPUSDT","t":1530384842},"received_t":"2024-07-19 08:37:03.558797485","stream":"xrpusdt@trade"}
{"data":{"E":"2024-07-19 08:37:03.540","T":"2024-07-19 08:37:03.538","X":"MARKET","e":"trade","m":true,"p":"0.5502","q":"30.0","s":"XRPUSDT","t":1530384843},"received_t":"2024-07-19 08:37:03.559035518","stream":"xrpusdt@trade"}
{"data":{"E":"2024-07-19 08:37:03.540","T":"2024-07-19 08:37:03.538","X":"MARKET","e":"trade","m":true,"p":"0.5502","q":"9.1","s":"XRPUSDT","t":1530384844},"received_t":"2024-07-19 08:37:03.559256159","stream":"xrpusdt@trade"}
{"data":{"E":"2024-07-19 08:37:03.540","T":"2024-07-19 08:37:03.538","X":"MARKET","e":"trade","m":true,"p":"0.5502","q":"35.5","s":"XRPUSDT","t":1530384845},"received_t":"2024-07-19 08:37:03.559445199","stream":"xrpusdt@trade"}
{"data":{"E":"2024-07-19 08:37:03.540","T":"2024-07-19 08:37:03.538","X":"MARKET","e":"trade","m":true,"p":"0.5502","q":"278.7","s":"XRPUSDT","t":1530384846},"received_t":"2024-07-19 08:37:03.559647071","stream":"xrpusdt@trade"}
{"data":{"E":"2024-07-19 08:37:03.540","T":"2024-07-19 08:37:03.538","X":"MARKET","e":"trade","m":true,"p":"0.5502","q":"135.8","s":"XRPUSDT","t":1530384847},"received_t":"2024-07-19 08:37:03.559891721","stream":"xrpusdt@trade"}
{"data":{"E":"2024-07-19 08:37:03.540","T":"2024-07-19 08:37:03.538","X":"MARKET","e":"trade","m":true,"p":"0.5502","q":"30.0","s":"XRPUSDT","t":1530384848},"received_t":"2024-07-19 08:37:03.560063317","stream":"xrpusdt@trade"}
{"data":{"E":"2024-07-19 08:37:03.540","T":"2024-07-19 08:37:03.538","X":"MARKET","e":"trade","m":true,"p":"0.5502","q":"5843.8","s":"XRPUSDT","t":1530384849},"received_t":"2024-07-19 08:37:03.560243653","stream":"xrpusdt@trade"}
{"data":{"E":"2024-07-19 08:37:03.540","T":"2024-07-19 08:37:03.538","X":"MARKET","e":"trade","m":true,"p":"0.5502","q":"2362.0","s":"XRPUSDT","t":1530384850},"received_t":"2024-07-19 08:37:03.560452472","stream":"xrpusdt@trade"}
{"data":{"E":"2024-07-19 08:37:03.540","T":"2024-07-19 08:37:03.538","X":"MARKET","e":"trade","m":true,"p":"0.5502","q":"11.0","s":"XRPUSDT","t":1530384851},"received_t":"2024-07-19 08:37:03.560630243","stream":"xrpusdt@trade"}
{"data":{"E":"2024-07-19 08:37:03.540","T":"2024-07-19 08:37:03.538","X":"MARKET","e":"trade","m":true,"p":"0.5502","q":"103.3","s":"XRPUSDT","t":1530384852},"received_t":"2024-07-19 08:37:03.560822984","stream":"xrpusdt@trade"}
{"data":{"E":"2024-07-19 08:37:03.540","T":"2024-07-19 08:37:03.538","X":"MARKET","e":"trade","m":true,"p":"0.5502","q":"152.1","s":"XRPUSDT","t":1530384853},"received_t":"2024-07-19 08:37:03.561012872","stream":"xrpusdt@trade"}
{"data":{"E":"2024-07-19 08:37:03.541","T":"2024-07-19 08:37:03.539","X":"MARKET","e":"trade","m":true,"p":"0.5502","q":"994.4","s":"XRPUSDT","t":1530384854},"received_t":"2024-07-19 08:37:03.561766851","stream":"xrpusdt@trade"}
{"data":{"E":"2024-07-19 08:37:03.541","T":"2024-07-19 08:37:03.539","X":"MARKET","e":"trade","m":true,"p":"0.5502","q":"63.7","s":"XRPUSDT","t":1530384855},"received_t":"2024-07-19 08:37:03.561962311","stream":"xrpusdt@trade"}
{"data":{"E":"2024-07-19 08:37:03.541","T":"2024-07-19 08:37:03.539","X":"MARKET","e":"trade","m":true,"p":"0.5502","q":"30.0","s":"XRPUSDT","t":1530384856},"received_t":"2024-07-19 08:37:03.562177344","stream":"xrpusdt@trade"}
{"data":{"E":"2024-07-19 08:37:03.541","T":"2024-07-19 08:37:03.539","X":"MARKET","e":"trade","m":true,"p":"0.5502","q":"15644.9","s":"XRPUSDT","t":1530384857},"received_t":"2024-07-19 08:37:03.562396535","stream":"xrpusdt@trade"}
{"data":{"E":"2024-07-19 08:37:03.542","T":"2024-07-19 08:37:03.540","X":"MARKET","e":"trade","m":true,"p":"0.5502","q":"18049.3","s":"XRPUSDT","t":1530384858},"received_t":"2024-07-19 08:37:03.562661857","stream":"xrpusdt@trade"}
{"data":{"E":"2024-07-19 08:37:03.665","T":"2024-07-19 08:37:03.665","X":"MARKET","e":"trade","m":true,"p":"0.5501","q":"600.0","s":"XRPUSDT","t":1530384859},"received_t":"2024-07-19 08:37:03.675971771","stream":"xrpusdt@trade"}
{"data":{"E":"2024-07-19 08:37:03.668","T":"2024-07-19 08:37:03.538","a":430777451,"e":"aggTrade","f":1530384840,"l":1530384858,"m":true,"p":"0.5502","q":"51771.2","s":"XRPUSDT"},"received_t":"2024-07-19 08:37:03.677310637","stream":"xrpusdt@aggTrade"}
{"data":{"E":"2024-07-19 08:37:03.810","T":"2024-07-19 08:37:03.810","X":"MARKET","e":"trade","m":true,"p":"0.5501","q":"9.1","s":"XRPUSDT","t":1530384860},"received_t":"2024-07-19 08:37:03.820137654","stream":"xrpusdt@trade"}
{"data":{"E":"2024-07-19 08:37:03.810","T":"2024-07-19 08:37:03.810","X":"MARKET","e":"trade","m":true,"p":"0.5501","q":"30.0","s":"XRPUSDT","t":1530384861},"received_t":"2024-07-19 08:37:03.820435323","stream":"xrpusdt@trade"}
{"data":{"E":"2024-07-19 08:37:03.810","T":"2024-07-19 08:37:03.810","X":"MARKET","e":"trade","m":true,"p":"0.5501","q":"145.4","s":"XRPUSDT","t":1530384862},"received_t":"2024-07-19 08:37:03.820656048","stream":"xrpusdt@trade"}
{"data":{"E":"2024-07-19 08:37:03.810","T":"2024-07-19 08:37:03.810","X":"MARKET","e":"trade","m":true,"p":"0.5501","q":"125.2","s":"XRPUSDT","t":1530384863},"received_t":"2024-07-19 08:37:03.820848844","stream":"xrpusdt@trade"}
{"data":{"E":"2024-07-19 08:37:03.810","T":"2024-07-19 08:37:03.810","X":"MARKET","e":"trade","m":true,"p":"0.5501","q":"9.3","s":"XRPUSDT","t":1530384864},"received_t":"2024-07-19 08:37:03.821105451","stream":"xrpusdt@trade"}
{"data":{"E":"2024-07-19 08:37:03.810","T":"2024-07-19 08:37:03.810","X":"MARKET","e":"trade","m":true,"p":"0.5501","q":"11.0","s":"XRPUSDT","t":1530384865},"received_t":"2024-07-19 08:37:03.821300888","stream":"xrpusdt@trade"}
{"data":{"E":"2024-07-19 08:37:03.810","T":"2024-07-19 08:37:03.810","X":"MARKET","e":"trade","m":true,"p":"0.5501","q":"217.1","s":"XRPUSDT","t":1530384866},"received_t":"2024-07-19 08:37:03.821578215","stream":"xrpusdt@trade"}
{"data":{"E":"2024-07-19 08:37:03.811","T":"2024-07-19 08:37:03.665","a":430777452,"e":"aggTrade","f":1530384859,"l":1530384859,"m":true,"p":"0.5501","q":"600.0","s":"XRPUSDT"},"received_t":"2024-07-19 08:37:03.821875772","stream":"xrpusdt@aggTrade"}
{"data":{"E":"2024-07-19 08:37:03.843","T":"2024-07-19 08:37:03.843","X":"MARKET","e":"trade","m":false,"p":"0.5501","q":"369.1","s":"XRPUSDT","t":1530384867},"received_t":"2024-07-19 08:37:03.852773256","stream":"xrpusdt@trade"}
{"data":{"E":"2024-07-19 08:37:03.845","T":"2024-07-19 08:37:03.810","a":430777453,"e":"aggTrade","f":1530384860,"l":1530384866,"m":true,"p":"0.5501","q":"547.1","s":"XRPUSDT"},"received_t":"2024-07-19 08:37:03.853856605","stream":"xrpusdt@aggTrade"}
{"data":{"E":"2024-07-19 08:37:03.859","T":"2024-07-19 08:37:03.858","X":"MARKET","e":"trade","m":false,"p":"0.5501","q":"20.6","s":"XRPUSDT","t":1530384868},"received_t":"2024-07-19 08:37:03.868181673","stream":"xrpusdt@trade"}
{"data":{"E":"2024-07-19 08:37:03.859","T":"2024-07-19 08:37:03.859","X":"MARKET","e":"trade","m":false,"p":"0.5501","q":"10.2","s":"XRPUSDT","t":1530384869},"received_t":"2024-07-19 08:37:03.868710474","stream":"xrpusdt@trade"}
{"data":{"E":"2024-07-19 08:37:03.996","T":"2024-07-19 08:37:03.843","a":430777454,"e":"aggTrade","f":1530384867,"l":1530384869,"m":false,"p":"0.5501","q":"399.9","s":"XRPUSDT"},"received_t":"2024-07-19 08:37:04.005447586","stream":"xrpusdt@aggTrade"}
{"data":{"E":"2024-07-19 08:37:04.055","T":"2024-07-19 08:37:04.055","X":"MARKET","e":"trade","m":false,"p":"0.5501","q":"10.0","s":"XRPUSDT","t":1530384870},"received_t":"2024-07-19 08:37:04.065142823","stream":"xrpusdt@trade"}
{"data":{"E":"2024-07-19 08:37:04.069","T":"2024-07-19 08:37:04.055","a":430777455,"e":"aggTrade","f":1530384870,"l":1530384870,"m":false,"p":"0.5501","q":"10.0","s":"XRPUSDT"},"received_t":"2024-07-19 08:37:04.078970299","stream":"xrpusdt@aggTrade"}
{"data":{"E":"2024-07-19 08:37:04.066","T":"2024-07-19 08:37:04.065","X":"MARKET","e":"trade","m":true,"p":"0.5500","q":"9.3","s":"XRPUSDT","t":1530384871},"received_t":"2024-07-19 08:37:04.088380325","stream":"xrpusdt@trade"}
{"data":{"E":"2024-07-19 08:37:04.066","T":"2024-07-19 08:37:04.065","X":"MARKET","e":"trade","m":true,"p":"0.5500","q":"9.1","s":"XRPUSDT","t":1530384872},"received_t":"2024-07-19 08:37:04.088569678","stream":"xrpusdt@trade"}
{"data":{"E":"2024-07-19 08:37:04.066","T":"2024-07-19 08:37:04.065","X":"MARKET","e":"trade","m":true,"p":"0.5500","q":"21.6","s":"XRPUSDT","t":1530384873},"received_t":"2024-07-19 08:37:04.088776545","stream":"xrpusdt@trade"}
