{"count":65371,"data":{"E":"2024-07-18 15:09:08.064","T":"2024-07-18 15:09:08.060","a":430570428,"e":"aggTrade","f":1529354497,"l":1529354497,"m":false,"p":"0.5658","q":"531.9","s":"XRPUSDT"},"stream":"xrpusdt@aggTrade"}
{"count":65372,"data":{"E":"2024-07-18 15:09:08.064","T":"2024-07-18 15:09:08.062","a":430570429,"e":"aggTrade","f":1529354498,"l":1529354499,"m":true,"p":"0.5657","q":"9553.8","s":"XRPUSDT"},"stream":"xrpusdt@aggTrade"}
{"count":65373,"data":{"E":"2024-07-18 15:09:08.064","T":"2024-07-18 15:09:08.062","a":430570430,"e":"aggTrade","f":1529354500,"l":1529354507,"m":true,"p":"0.5656","q":"13512.2","s":"XRPUSDT"},"stream":"xrpusdt@aggTrade"}
{"count":65374,"data":{"E":"2024-07-18 15:09:08.064","T":"2024-07-18 15:09:08.062","a":430570431,"e":"aggTrade","f":1529354508,"l":1529354509,"m":false,"p":"0.5658","q":"2223.5","s":"XRPUSDT"},"stream":"xrpusdt@aggTrade"}
{"count":65375,"data":{"E":"2024-07-18 15:09:08.064","T":"2024-07-18 15:09:08.062","a":430570432,"e":"aggTrade","f":1529354510,"l":1529354511,"m":false,"p":"0.5659","q":"6096.4","s":"XRPUSDT"},"stream":"xrpusdt@aggTrade"}
{"count":65376,"data":{"E":"2024-07-18 15:09:08.064","T":"2024-07-18 15:09:08.062","a":430570433,"e":"aggTrade","f":1529354512,"l":1529354512,"m":false,"p":"0.5660","q":"313.8","s":"XRPUSDT"},"stream":"xrpusdt@aggTrade"}
{"count":65377,"data":{"E":"2024-07-18 15:09:08.064","T":"2024-07-18 15:09:08.062","a":430570434,"e":"aggTrade","f":1529354513,"l":1529354514,"m":true,"p":"0.5656","q":"2226.8","s":"XRPUSDT"},"stream":"xrpusdt@aggTrade"}
{"count":65378,"data":{"E":"2024-07-18 15:09:08.064","T":"2024-07-18 15:09:08.062","a":430570435,"e":"aggTrade","f":1529354515,"l":1529354516,"m":false,"p":"0.5660","q":"3409.4","s":"XRPUSDT"},"stream":"xrpusdt@aggTrade"}
{"count":65379,"data":{"E":"2024-07-18 15:09:08.064","T":"2024-07-18 15:09:08.062","a":430570436,"e":"aggTrade","f":1529354517,"l":1529354522,"m":true,"p":"0.5656","q":"8651.4","s":"XRPUSDT"},"stream":"xrpusdt@aggTrade"}




{"count":65417,"data":{"E":"2024-07-18 15:09:08.068","T":"2024-07-18 15:09:08.064","a":430570474,"e":"aggTrade","f":1529354855,"l":1529354855,"m":false,"p":"0.5660","q":"15.5","s":"XRPUSDT"},"stream":"xrpusdt@aggTrade"}
{"count":65418,"data":{"E":"2024-07-18 15:09:08.068","T":"2024-07-18 15:09:08.064","a":430570475,"e":"aggTrade","f":1529354856,"l":1529354865,"m":true,"p":"0.5639","q":"131917.2","s":"XRPUSDT"},"stream":"xrpusdt@aggTrade"}
{"count":65419,"data":{"E":"2024-07-18 15:09:08.068","T":"2024-07-18 15:09:08.064","a":430570476,"e":"aggTrade","f":1529354866,"l":1529354875,"m":true,"p":"0.5638","q":"29675.0","s":"XRPUSDT"},"stream":"xrpusdt@aggTrade"}
{"count":65420,"data":{"E":"2024-07-18 15:09:08.069","T":"2024-07-18 15:09:08.064","a":430570477,"e":"aggTrade","f":1529354876,"l":1529354876,"m":false,"p":"0.5660","q":"18.7","s":"XRPUSDT"},"stream":"xrpusdt@aggTrade"}
{"count":65421,"data":{"E":"2024-07-18 15:09:08.069","T":"2024-07-18 15:09:08.064","a":430570478,"e":"aggTrade","f":1529354877,"l":1529354877,"m":true,"p":"0.5638","q":"6859.8","s":"XRPUSDT"},"stream":"xrpusdt@aggTrade"}
{"count":65422,"data":{"E":"2024-07-18 15:09:08.069","T":"2024-07-18 15:09:08.064","a":430570479,"e":"aggTrade","f":1529354878,"l":1529354878,"m":false,"p":"0.5660","q":"26.2","s":"XRPUSDT"},"stream":"xrpusdt@aggTrade"}
{"count":65423,"data":{"E":"2024-07-18 15:09:08.069","T":"2024-07-18 15:09:08.064","a":430570480,"e":"aggTrade","f":1529354879,"l":1529354886,"m":true,"p":"0.5638","q":"40718.5","s":"XRPUSDT"},"stream":"xrpusdt@aggTrade"}
{"count":65424,"data":{"E":"2024-07-18 15:09:08.069","T":"2024-07-18 15:09:08.064","a":430570481,"e":"aggTrade","f":1529354887,"l":1529354888,"m":false,"p":"0.5660","q":"1760.5","s":"XRPUSDT"},"stream":"xrpusdt@aggTrade"}



{"count":65584,"data":{"E":"2024-07-18 15:09:08.064","T":"2024-07-18 15:09:08.063","X":"MARKET","e":"trade","m":true,"p":"0.5648","q":"921.0","s":"XRPUSDT","t":1529354657},"stream":"xrpusdt@trade"}
{"count":65585,"data":{"E":"2024-07-18 15:09:08.064","T":"2024-07-18 15:09:08.063","X":"MARKET","e":"trade","m":true,"p":"0.5648","q":"3500.6","s":"XRPUSDT","t":1529354658},"stream":"xrpusdt@trade"}
{"count":65586,"data":{"E":"2024-07-18 15:09:08.064","T":"2024-07-18 15:09:08.063","X":"MARKET","e":"trade","m":true,"p":"0.5648","q":"11.2","s":"XRPUSDT","t":1529354659},"stream":"xrpusdt@trade"}
{"count":65587,"data":{"E":"2024-07-18 15:09:08.064","T":"2024-07-18 15:09:08.063","X":"MARKET","e":"trade","m":true,"p":"0.5648","q":"320.7","s":"XRPUSDT","t":1529354660},"stream":"xrpusdt@trade"}
{"count":65588,"data":{"E":"2024-07-18 15:09:08.064","T":"2024-07-18 15:09:08.063","X":"MARKET","e":"trade","m":true,"p":"0.5648","q":"884.7","s":"XRPUSDT","t":1529354661},"stream":"xrpusdt@trade"}
{"count":65589,"data":{"E":"2024-07-18 15:09:08.064","T":"2024-07-18 15:09:08.063","X":"MARKET","e":"trade","m":true,"p":"0.5648","q":"5277.8","s":"XRPUSDT","t":1529354662},"stream":"xrpusdt@trade"}
{"count":65590,"data":{"E":"2024-07-18 15:09:08.064","T":"2024-07-18 15:09:08.063","X":"MARKET","e":"trade","m":true,"p":"0.5648","q":"2974.2","s":"XRPUSDT","t":1529354663},"stream":"xrpusdt@trade"}
{"count":65591,"data":{"E":"2024-07-18 15:09:08.064","T":"2024-07-18 15:09:08.063","X":"MARKET","e":"trade","m":true,"p":"0.5648","q":"8342.0","s":"XRPUSDT","t":1529354664},"stream":"xrpusdt@trade"}
{"count":65592,"data":{"E":"2024-07-18 15:09:08.064","T":"2024-07-18 15:09:08.063","X":"MARKET","e":"trade","m":true,"p":"0.5648","q":"87.3","s":"XRPUSDT","t":1529354665},"stream":"xrpusdt@trade"}
{"count":65593,"data":{"E":"2024-07-18 15:09:08.064","T":"2024-07-18 15:09:08.063","X":"MARKET","e":"trade","m":false,"p":"0.5660","q":"16.0","s":"XRPUSDT","t":1529354666},"stream":"xrpusdt@trade"}
{"count":65594,"data":{"E":"2024-07-18 15:09:08.064","T":"2024-07-18 15:09:08.063","X":"MARKET","e":"trade","m":false,"p":"0.5660","q":"149.6","s":"XRPUSDT","t":1529354667},"stream":"xrpusdt@trade"}
{"count":65595,"data":{"E":"2024-07-18 15:09:08.064","T":"2024-07-18 15:09:08.063","X":"MARKET","e":"trade","m":true,"p":"0.5648","q":"35.8","s":"XRPUSDT","t":1529354668},"stream":"xrpusdt@trade"}
{"count":65596,"data":{"E":"2024-07-18 15:09:08.064","T":"2024-07-18 15:09:08.063","X":"MARKET","e":"trade","m":true,"p":"0.5648","q":"206.9","s":"XRPUSDT","t":1529354669},"stream":"xrpusdt@trade"}
{"count":65597,"data":{"E":"2024-07-18 15:09:08.064","T":"2024-07-18 15:09:08.063","X":"MARKET","e":"trade","m":true,"p":"0.5648","q":"1986.1","s":"XRPUSDT","t":1529354670},"stream":"xrpusdt@trade"}
{"count":65598,"data":{"E":"2024-07-18 15:09:08.064","T":"2024-07-18 15:09:08.063","X":"MARKET","e":"trade","m":false,"p":"0.5660","q":"80.5","s":"XRPUSDT","t":1529354671},"stream":"xrpusdt@trade"}
{"count":65599,"data":{"E":"2024-07-18 15:09:08.064","T":"2024-07-18 15:09:08.063","X":"MARKET","e":"trade","m":true,"p":"0.5648","q":"3448.2","s":"XRPUSDT","t":1529354672},"stream":"xrpusdt@trade"}
{"count":65600,"data":{"E":"2024-07-18 15:09:08.064","T":"2024-07-18 15:09:08.063","X":"MARKET","e":"trade","m":true,"p":"0.5648","q":"1000.0","s":"XRPUSDT","t":1529354673},"stream":"xrpusdt@trade"}
{"count":65601,"data":{"E":"2024-07-18 15:09:08.064","T":"2024-07-18 15:09:08.063","X":"MARKET","e":"trade","m":true,"p":"0.5648","q":"1114.5","s":"XRPUSDT","t":1529354674},"stream":"xrpusdt@trade"}
{"count":65602,"data":{"E":"2024-07-18 15:09:08.064","T":"2024-07-18 15:09:08.063","X":"MARKET","e":"trade","m":false,"p":"0.5660","q":"20.7","s":"XRPUSDT","t":1529354675},"stream":"xrpusdt@trade"}
{"count":65603,"data":{"E":"2024-07-18 15:09:08.064","T":"2024-07-18 15:09:08.063","X":"MARKET","e":"trade","m":true,"p":"0.5648","q":"602.9","s":"XRPUSDT","t":1529354676},"stream":"xrpusdt@trade"}
{"count":65604,"data":{"E":"2024-07-18 15:09:08.064","T":"2024-07-18 15:09:08.063","X":"MARKET","e":"trade","m":false,"p":"0.5660","q":"301.6","s":"XRPUSDT","t":1529354677},"stream":"xrpusdt@trade"}
{"count":65605,"data":{"E":"2024-07-18 15:09:08.064","T":"2024-07-18 15:09:08.063","X":"MARKET","e":"trade","m":false,"p":"0.5660","q":"467.2","s":"XRPUSDT","t":1529354678},"stream":"xrpusdt@trade"}
{"count":65606,"data":{"E":"2024-07-18 15:09:08.064","T":"2024-07-18 15:09:08.063","X":"MARKET","e":"trade","m":true,"p":"0.5648","q":"343.9","s":"XRPUSDT","t":1529354679},"stream":"xrpusdt@trade"}
{"count":65607,"data":{"E":"2024-07-18 15:09:08.064","T":"2024-07-18 15:09:08.063","X":"MARKET","e":"trade","m":true,"p":"0.5648","q":"8490.4","s":"XRPUSDT","t":1529354680},"stream":"xrpusdt@trade"}
{"count":65608,"data":{"E":"2024-07-18 15:09:08.064","T":"2024-07-18 15:09:08.063","X":"MARKET","e":"trade","m":true,"p":"0.5648","q":"108.0","s":"XRPUSDT","t":1529354681},"stream":"xrpusdt@trade"}
{"count":65609,"data":{"E":"2024-07-18 15:09:08.064","T":"2024-07-18 15:09:08.063","X":"MARKET","e":"trade","m":true,"p":"0.5648","q":"2874.4","s":"XRPUSDT","t":1529354682},"stream":"xrpusdt@trade"}
{"count":65610,"data":{"E":"2024-07-18 15:09:08.064","T":"2024-07-18 15:09:08.063","X":"MARKET","e":"trade","m":true,"p":"0.5648","q":"145.3","s":"XRPUSDT","t":1529354683},"stream":"xrpusdt@trade"}
{"count":65611,"data":{"E":"2024-07-18 15:09:08.064","T":"2024-07-18 15:09:08.063","X":"MARKET","e":"trade","m":true,"p":"0.5648","q":"29.1","s":"XRPUSDT","t":1529354684},"stream":"xrpusdt@trade"}
{"count":65612,"data":{"E":"2024-07-18 15:09:08.064","T":"2024-07-18 15:09:08.063","X":"MARKET","e":"trade","m":true,"p":"0.5648","q":"29.2","s":"XRPUSDT","t":1529354685},"stream":"xrpusdt@trade"}
{"count":65613,"data":{"E":"2024-07-18 15:09:08.064","T":"2024-07-18 15:09:08.063","X":"MARKET","e":"trade","m":true,"p":"0.5648","q":"2567.4","s":"XRPUSDT","t":1529354686},"stream":"xrpusdt@trade"}
{"count":65614,"data":{"E":"2024-07-18 15:09:08.064","T":"2024-07-18 15:09:08.063","X":"MARKET","e":"trade","m":true,"p":"0.5648","q":"1572.2","s":"XRPUSDT","t":1529354687},"stream":"xrpusdt@trade"}
{"count":65615,"data":{"E":"2024-07-18 15:09:08.064","T":"2024-07-18 15:09:08.063","X":"MARKET","e":"trade","m":true,"p":"0.5648","q":"190.9","s":"XRPUSDT","t":1529354688},"stream":"xrpusdt@trade"}
{"count":65616,"data":{"E":"2024-07-18 15:09:08.064","T":"2024-07-18 15:09:08.063","X":"MARKET","e":"trade","m":true,"p":"0.5647","q":"9.1","s":"XRPUSDT","t":1529354689},"stream":"xrpusdt@trade"}
{"count":65617,"data":{"E":"2024-07-18 15:09:08.064","T":"2024-07-18 15:09:08.063","X":"MARKET","e":"trade","m":true,"p":"0.5647","q":"9.6","s":"XRPUSDT","t":1529354690},"stream":"xrpusdt@trade"}
{"count":65618,"data":{"E":"2024-07-18 15:09:08.064","T":"2024-07-18 15:09:08.063","X":"MARKET","e":"trade","m":true,"p":"0.5647","q":"46.7","s":"XRPUSDT","t":1529354691},"stream":"xrpusdt@trade"}
{"count":65619,"data":{"E":"2024-07-18 15:09:08.064","T":"2024-07-18 15:09:08.063","X":"MARKET","e":"trade","m":true,"p":"0.5647","q":"264.3","s":"XRPUSDT","t":1529354692},"stream":"xrpusdt@trade"}
{"count":65620,"data":{"E":"2024-07-18 15:09:08.064","T":"2024-07-18 15:09:08.063","X":"MARKET","e":"trade","m":true,"p":"0.5647","q":"367.9","s":"XRPUSDT","t":1529354693},"stream":"xrpusdt@trade"}
{"count":65621,"data":{"E":"2024-07-18 15:09:08.064","T":"2024-07-18 15:09:08.063","X":"MARKET","e":"trade","m":true,"p":"0.5647","q":"196.1","s":"XRPUSDT","t":1529354694},"stream":"xrpusdt@trade"}
{"count":65622,"data":{"E":"2024-07-18 15:09:08.064","T":"2024-07-18 15:09:08.063","X":"MARKET","e":"trade","m":true,"p":"0.5647","q":"2571.0","s":"XRPUSDT","t":1529354695},"stream":"xrpusdt@trade"}
{"count":65623,"data":{"E":"2024-07-18 15:09:08.064","T":"2024-07-18 15:09:08.063","X":"MARKET","e":"trade","m":true,"p":"0.5647","q":"7074.8","s":"XRPUSDT","t":1529354696},"stream":"xrpusdt@trade"}
{"count":65624,"data":{"E":"2024-07-18 15:09:08.064","T":"2024-07-18 15:09:08.063","X":"MARKET","e":"trade","m":true,"p":"0.5647","q":"2638.6","s":"XRPUSDT","t":1529354697},"stream":"xrpusdt@trade"}
{"count":65625,"data":{"E":"2024-07-18 15:09:08.064","T":"2024-07-18 15:09:08.063","X":"MARKET","e":"trade","m":true,"p":"0.5647","q":"1692.2","s":"XRPUSDT","t":1529354698},"stream":"xrpusdt@trade"}
{"count":65626,"data":{"E":"2024-07-18 15:09:08.064","T":"2024-07-18 15:09:08.063","X":"MARKET","e":"trade","m":true,"p":"0.5647","q":"9.7","s":"XRPUSDT","t":1529354699},"stream":"xrpusdt@trade"}
{"count":65627,"data":{"E":"2024-07-18 15:09:08.064","T":"2024-07-18 15:09:08.063","X":"MARKET","e":"trade","m":true,"p":"0.5647","q":"10.1","s":"XRPUSDT","t":1529354700},"stream":"xrpusdt@trade"}



{"count":65628,"data":{"E":"2024-07-18 15:09:08.069","T":"2024-07-18 15:09:08.064","a":430570482,"e":"aggTrade","f":1529354889,"l":1529354889,"m":true,"p":"0.5638","q":"88016.7","s":"XRPUSDT"},"stream":"xrpusdt@aggTrade"}
{"count":65629,"data":{"E":"2024-07-18 15:09:08.069","T":"2024-07-18 15:09:08.064","a":430570483,"e":"aggTrade","f":1529354890,"l":1529354891,"m":false,"p":"0.5660","q":"983.9","s":"XRPUSDT"},"stream":"xrpusdt@aggTrade"}
{"count":65630,"data":{"E":"2024-07-18 15:09:08.069","T":"2024-07-18 15:09:08.064","a":430570484,"e":"aggTrade","f":1529354892,"l":1529354896,"m":true,"p":"0.5638","q":"7470.3","s":"XRPUSDT"},"stream":"xrpusdt@aggTrade"}
{"count":65631,"data":{"E":"2024-07-18 15:09:08.069","T":"2024-07-18 15:09:08.064","a":430570485,"e":"aggTrade","f":1529354897,"l":1529354897,"m":false,"p":"0.5650","q":"608.6","s":"XRPUSDT"},"stream":"xrpusdt@aggTrade"}
{"count":65632,"data":{"E":"2024-07-18 15:09:08.069","T":"2024-07-18 15:09:08.064","a":430570486,"e":"aggTrade","f":1529354898,"l":1529354898,"m":true,"p":"0.5638","q":"32182.1","s":"XRPUSDT"},"stream":"xrpusdt@aggTrade"}
{"count":65633,"data":{"E":"2024-07-18 15:09:08.069","T":"2024-07-18 15:09:08.064","a":430570487,"e":"aggTrade","f":1529354899,"l":1529354921,"m":true,"p":"0.5637","q":"25928.5","s":"XRPUSDT"},"stream":"xrpusdt@aggTrade"}
{"count":65634,"data":{"E":"2024-07-18 15:09:08.069","T":"2024-07-18 15:09:08.064","a":430570488,"e":"aggTrade","f":1529354922,"l":1529354922,"m":false,"p":"0.5650","q":"631.6","s":"XRPUSDT"},"stream":"xrpusdt@aggTrade"}
{"count":65635,"data":{"E":"2024-07-18 15:09:08.069","T":"2024-07-18 15:09:08.064","a":430570489,"e":"aggTrade","f":1529354923,"l":1529354932,"m":true,"p":"0.5637","q":"243217.0","s":"XRPUSDT"},"stream":"xrpusdt@aggTrade"}
{"count":65636,"data":{"E":"2024-07-18 15:09:08.069","T":"2024-07-18 15:09:08.064","a":430570490,"e":"aggTrade","f":1529354933,"l":1529354965,"m":true,"p":"0.5636","q":"26505.7","s":"XRPUSDT"},"stream":"xrpusdt@aggTrade"}
{"count":65637,"data":{"E":"2024-07-18 15:09:08.069","T":"2024-07-18 15:09:08.064","a":430570491,"e":"aggTrade","f":1529354966,"l":1529354985,"m":true,"p":"0.5635","q":"26490.7","s":"XRPUSDT"},"stream":"xrpusdt@aggTrade"}
{"count":65638,"data":{"E":"2024-07-18 15:09:08.069","T":"2024-07-18 15:09:08.064","a":430570492,"e":"aggTrade","f":1529354986,"l":1529355008,"m":true,"p":"0.5634","q":"25991.8","s":"XRPUSDT"},"stream":"xrpusdt@aggTrade"}
{"count":65639,"data":{"E":"2024-07-18 15:09:08.069","T":"2024-07-18 15:09:08.064","a":430570493,"e":"aggTrade","f":1529355009,"l":1529355043,"m":true,"p":"0.5633","q":"38957.9","s":"XRPUSDT"},"stream":"xrpusdt@aggTrade"}
{"count":65640,"data":{"E":"2024-07-18 15:09:08.069","T":"2024-07-18 15:09:08.064","a":430570494,"e":"aggTrade","f":1529355044,"l":1529355044,"m":false,"p":"0.5650","q":"172.6","s":"XRPUSDT"},"stream":"xrpusdt@aggTrade"}
{"count":65641,"data":{"E":"2024-07-18 15:09:08.069","T":"2024-07-18 15:09:08.064","a":430570495,"e":"aggTrade","f":1529355045,"l":1529355046,"m":true,"p":"0.5633","q":"3967.7","s":"XRPUSDT"},"stream":"xrpusdt@aggTrade"}
{"count":65642,"data":{"E":"2024-07-18 15:09:08.069","T":"2024-07-18 15:09:08.064","a":430570496,"e":"aggTrade","f":1529355047,"l":1529355047,"m":false,"p":"0.5650","q":"43696.6","s":"XRPUSDT"},"stream":"xrpusdt@aggTrade"}
{"count":65643,"data":{"E":"2024-07-18 15:09:08.069","T":"2024-07-18 15:09:08.064","a":430570497,"e":"aggTrade","f":1529355048,"l":1529355048,"m":false,"p":"0.5660","q":"4731.2","s":"XRPUSDT"},"stream":"xrpusdt@aggTrade"}
{"count":65644,"data":{"E":"2024-07-18 15:09:08.070","T":"2024-07-18 15:09:08.064","a":430570498,"e":"aggTrade","f":1529355049,"l":1529355061,"m":true,"p":"0.5633","q":"51100.2","s":"XRPUSDT"},"stream":"xrpusdt@aggTrade"}
{"count":65645,"data":{"E":"2024-07-18 15:09:08.070","T":"2024-07-18 15:09:08.064","a":430570499,"e":"aggTrade","f":1529355062,"l":1529355103,"m":true,"p":"0.5632","q":"16186.8","s":"XRPUSDT"},"stream":"xrpusdt@aggTrade"}



{"count":65687,"data":{"E":"2024-07-18 15:09:08.064","T":"2024-07-18 15:09:08.063","X":"MARKET","e":"trade","m":true,"p":"0.5647","q":"10.5","s":"XRPUSDT","t":1529354701},"stream":"xrpusdt@trade"}
{"count":65688,"data":{"E":"2024-07-18 15:09:08.064","T":"2024-07-18 15:09:08.063","X":"MARKET","e":"trade","m":true,"p":"0.5647","q":"156.1","s":"XRPUSDT","t":1529354702},"stream":"xrpusdt@trade"}
{"count":65689,"data":{"E":"2024-07-18 15:09:08.064","T":"2024-07-18 15:09:08.063","X":"MARKET","e":"trade","m":true,"p":"0.5647","q":"2390.3","s":"XRPUSDT","t":1529354703},"stream":"xrpusdt@trade"}
{"count":65690,"data":{"E":"2024-07-18 15:09:08.064","T":"2024-07-18 15:09:08.063","X":"MARKET","e":"trade","m":true,"p":"0.5647","q":"1715.9","s":"XRPUSDT","t":1529354704},"stream":"xrpusdt@trade"}
{"count":65691,"data":{"E":"2024-07-18 15:09:08.064","T":"2024-07-18 15:09:08.063","X":"MARKET","e":"trade","m":true,"p":"0.5647","q":"1269.5","s":"XRPUSDT","t":1529354705},"stream":"xrpusdt@trade"}
{"count":65692,"data":{"E":"2024-07-18 15:09:08.064","T":"2024-07-18 15:09:08.063","X":"MARKET","e":"trade","m":true,"p":"0.5647","q":"88.3","s":"XRPUSDT","t":1529354706},"stream":"xrpusdt@trade"}
{"count":65693,"data":{"E":"2024-07-18 15:09:08.064","T":"2024-07-18 15:09:08.063","X":"MARKET","e":"trade","m":true,"p":"0.5646","q":"1770.5","s":"XRPUSDT","t":1529354707},"stream":"xrpusdt@trade"}
{"count":65694,"data":{"E":"2024-07-18 15:09:08.064","T":"2024-07-18 15:09:08.063","X":"MARKET","e":"trade","m":true,"p":"0.5646","q":"3999.4","s":"XRPUSDT","t":1529354708},"stream":"xrpusdt@trade"}
{"count":65695,"data":{"E":"2024-07-18 15:09:08.064","T":"2024-07-18 15:09:08.063","X":"MARKET","e":"trade","m":true,"p":"0.5646","q":"88.9","s":"XRPUSDT","t":1529354709},"stream":"xrpusdt@trade"}
{"count":65696,"data":{"E":"2024-07-18 15:09:08.064","T":"2024-07-18 15:09:08.063","X":"MARKET","e":"trade","m":true,"p":"0.5646","q":"68.8","s":"XRPUSDT","t":1529354710},"stream":"xrpusdt@trade"}
{"count":65697,"data":{"E":"2024-07-18 15:09:08.064","T":"2024-07-18 15:09:08.063","X":"MARKET","e":"trade","m":true,"p":"0.5646","q":"78.1","s":"XRPUSDT","t":1529354711},"stream":"xrpusdt@trade"}
{"count":65698,"data":{"E":"2024-07-18 15:09:08.064","T":"2024-07-18 15:09:08.063","X":"MARKET","e":"trade","m":false,"p":"0.5660","q":"258.3","s":"XRPUSDT","t":1529354712},"stream":"xrpusdt@trade"}
{"count":65699,"data":{"E":"2024-07-18 15:09:08.064","T":"2024-07-18 15:09:08.063","X":"MARKET","e":"trade","m":true,"p":"0.5646","q":"271.9","s":"XRPUSDT","t":1529354713},"stream":"xrpusdt@trade"}
{"count":65700,"data":{"E":"2024-07-18 15:09:08.064","T":"2024-07-18 15:09:08.063","X":"MARKET","e":"trade","m":true,"p":"0.5646","q":"815.2","s":"XRPUSDT","t":1529354714},"stream":"xrpusdt@trade"}
{"count":65701,"data":{"E":"2024-07-18 15:09:08.064","T":"2024-07-18 15:09:08.063","X":"MARKET","e":"trade","m":true,"p":"0.5646","q":"884.8","s":"XRPUSDT","t":1529354715},"stream":"xrpusdt@trade"}
{"count":65702,"data":{"E":"2024-07-18 15:09:08.064","T":"2024-07-18 15:09:08.063","X":"MARKET","e":"trade","m":true,"p":"0.5646","q":"1761.2","s":"XRPUSDT","t":1529354716},"stream":"xrpusdt@trade"}
{"count":65703,"data":{"E":"2024-07-18 15:09:08.064","T":"2024-07-18 15:09:08.063","X":"MARKET","e":"trade","m":true,"p":"0.5646","q":"1760.3","s":"XRPUSDT","t":1529354717},"stream":"xrpusdt@trade"}
{"count":65704,"data":{"E":"2024-07-18 15:09:08.064","T":"2024-07-18 15:09:08.063","X":"MARKET","e":"trade","m":true,"p":"0.5646","q":"884.8","s":"XRPUSDT","t":1529354718},"stream":"xrpusdt@trade"}
{"count":65705,"data":{"E":"2024-07-18 15:09:08.064","T":"2024-07-18 15:09:08.063","X":"MARKET","e":"trade","m":true,"p":"0.5646","q":"880.6","s":"XRPUSDT","t":1529354719},"stream":"xrpusdt@trade"}
{"count":65706,"data":{"E":"2024-07-18 15:09:08.064","T":"2024-07-18 15:09:08.063","X":"MARKET","e":"trade","m":true,"p":"0.5646","q":"884.8","s":"XRPUSDT","t":1529354720},"stream":"xrpusdt@trade"}
{"count":65707,"data":{"E":"2024-07-18 15:09:08.064","T":"2024-07-18 15:09:08.063","X":"MARKET","e":"trade","m":true,"p":"0.5646","q":"579.5","s":"XRPUSDT","t":1529354721},"stream":"xrpusdt@trade"}
{"count":65708,"data":{"E":"2024-07-18 15:09:08.064","T":"2024-07-18 15:09:08.063","X":"MARKET","e":"trade","m":true,"p":"0.5646","q":"305.3","s":"XRPUSDT","t":1529354722},"stream":"xrpusdt@trade"}
{"count":65709,"data":{"E":"2024-07-18 15:09:08.064","T":"2024-07-18 15:09:08.063","X":"MARKET","e":"trade","m":true,"p":"0.5646","q":"339.2","s":"XRPUSDT","t":1529354723},"stream":"xrpusdt@trade"}
{"count":65710,"data":{"E":"2024-07-18 15:09:08.064","T":"2024-07-18 15:09:08.063","X":"MARKET","e":"trade","m":false,"p":"0.5660","q":"35.0","s":"XRPUSDT","t":1529354724},"stream":"xrpusdt@trade"}
{"count":65711,"data":{"E":"2024-07-18 15:09:08.064","T":"2024-07-18 15:09:08.063","X":"MARKET","e":"trade","m":true,"p":"0.5646","q":"2758.1","s":"XRPUSDT","t":1529354725},"stream":"xrpusdt@trade"}
{"count":65712,"data":{"E":"2024-07-18 15:09:08.064","T":"2024-07-18 15:09:08.063","X":"MARKET","e":"trade","m":true,"p":"0.5646","q":"1668.5","s":"XRPUSDT","t":1529354726},"stream":"xrpusdt@trade"}
{"count":65713,"data":{"E":"2024-07-18 15:09:08.064","T":"2024-07-18 15:09:08.063","X":"MARKET","e":"trade","m":true,"p":"0.5646","q":"11.2","s":"XRPUSDT","t":1529354727},"stream":"xrpusdt@trade"}
{"count":65714,"data":{"E":"2024-07-18 15:09:08.064","T":"2024-07-18 15:09:08.063","X":"MARKET","e":"trade","m":true,"p":"0.5646","q":"11.2","s":"XRPUSDT","t":1529354728},"stream":"xrpusdt@trade"}
{"count":65715,"data":{"E":"2024-07-18 15:09:08.064","T":"2024-07-18 15:09:08.063","X":"MARKET","e":"trade","m":true,"p":"0.5646","q":"42.2","s":"XRPUSDT","t":1529354729},"stream":"xrpusdt@trade"}
{"count":65716,"data":{"E":"2024-07-18 15:09:08.064","T":"2024-07-18 15:09:08.063","X":"MARKET","e":"trade","m":true,"p":"0.5646","q":"10.5","s":"XRPUSDT","t":1529354730},"stream":"xrpusdt@trade"}
{"count":65717,"data":{"E":"2024-07-18 15:09:08.064","T":"2024-07-18 15:09:08.063","X":"MARKET","e":"trade","m":true,"p":"0.5646","q":"2632.5","s":"XRPUSDT","t":1529354731},"stream":"xrpusdt@trade"}
{"count":65718,"data":{"E":"2024-07-18 15:09:08.064","T":"2024-07-18 15:09:08.063","X":"MARKET","e":"trade","m":true,"p":"0.5646","q":"699.1","s":"XRPUSDT","t":1529354732},"stream":"xrpusdt@trade"}
{"count":65719,"data":{"E":"2024-07-18 15:09:08.064","T":"2024-07-18 15:09:08.063","X":"MARKET","e":"trade","m":true,"p":"0.5646","q":"190.9","s":"XRPUSDT","t":1529354733},"stream":"xrpusdt@trade"}
{"count":65720,"data":{"E":"2024-07-18 15:09:08.064","T":"2024-07-18 15:09:08.063","X":"MARKET","e":"trade","m":true,"p":"0.5645","q":"884.8","s":"XRPUSDT","t":1529354734},"stream":"xrpusdt@trade"}
{"count":65721,"data":{"E":"2024-07-18 15:09:08.064","T":"2024-07-18 15:09:08.063","X":"MARKET","e":"trade","m":true,"p":"0.5645","q":"4710.0","s":"XRPUSDT","t":1529354735},"stream":"xrpusdt@trade"}
{"count":65722,"data":{"E":"2024-07-18 15:09:08.064","T":"2024-07-18 15:09:08.063","X":"MARKET","e":"trade","m":true,"p":"0.5645","q":"864.3","s":"XRPUSDT","t":1529354736},"stream":"xrpusdt@trade"}
{"count":65723,"data":{"E":"2024-07-18 15:09:08.064","T":"2024-07-18 15:09:08.063","X":"MARKET","e":"trade","m":true,"p":"0.5645","q":"1579.9","s":"XRPUSDT","t":1529354737},"stream":"xrpusdt@trade"}
{"count":65724,"data":{"E":"2024-07-18 15:09:08.064","T":"2024-07-18 15:09:08.063","X":"MARKET","e":"trade","m":false,"p":"0.5660","q":"30.0","s":"XRPUSDT","t":1529354738},"stream":"xrpusdt@trade"}
{"count":65725,"data":{"E":"2024-07-18 15:09:08.064","T":"2024-07-18 15:09:08.063","X":"MARKET","e":"trade","m":true,"p":"0.5645","q":"1019.4","s":"XRPUSDT","t":1529354739},"stream":"xrpusdt@trade"}
{"count":65726,"data":{"E":"2024-07-18 15:09:08.064","T":"2024-07-18 15:09:08.063","X":"MARKET","e":"trade","m":true,"p":"0.5645","q":"20.1","s":"XRPUSDT","t":1529354740},"stream":"xrpusdt@trade"}
{"count":65727,"data":{"E":"2024-07-18 15:09:08.064","T":"2024-07-18 15:09:08.063","X":"MARKET","e":"trade","m":true,"p":"0.5645","q":"660.5","s":"XRPUSDT","t":1529354741},"stream":"xrpusdt@trade"}
{"count":65728,"data":{"E":"2024-07-18 15:09:08.064","T":"2024-07-18 15:09:08.063","X":"MARKET","e":"trade","m":true,"p":"0.5645","q":"331.6","s":"XRPUSDT","t":1529354742},"stream":"xrpusdt@trade"}
{"count":65729,"data":{"E":"2024-07-18 15:09:08.064","T":"2024-07-18 15:09:08.063","X":"MARKET","e":"trade","m":true,"p":"0.5645","q":"11.4","s":"XRPUSDT","t":1529354743},"stream":"xrpusdt@trade"}
{"count":65730,"data":{"E":"2024-07-18 15:09:08.064","T":"2024-07-18 15:09:08.063","X":"MARKET","e":"trade","m":true,"p":"0.5645","q":"10.3","s":"XRPUSDT","t":1529354744},"stream":"xrpusdt@trade"}
{"count":65731,"data":{"E":"2024-07-18 15:09:08.064","T":"2024-07-18 15:09:08.063","X":"MARKET","e":"trade","m":true,"p":"0.5645","q":"23.2","s":"XRPUSDT","t":1529354745},"stream":"xrpusdt@trade"}
{"count":65732,"data":{"E":"2024-07-18 15:09:08.064","T":"2024-07-18 15:09:08.063","X":"MARKET","e":"trade","m":true,"p":"0.5645","q":"9.9","s":"XRPUSDT","t":1529354746},"stream":"xrpusdt@trade"}
{"count":65733,"data":{"E":"2024-07-18 15:09:08.064","T":"2024-07-18 15:09:08.063","X":"MARKET","e":"trade","m":true,"p":"0.5645","q":"12.0","s":"XRPUSDT","t":1529354747},"stream":"xrpusdt@trade"}
{"count":65734,"data":{"E":"2024-07-18 15:09:08.064","T":"2024-07-18 15:09:08.063","X":"MARKET","e":"trade","m":true,"p":"0.5645","q":"482.8","s":"XRPUSDT","t":1529354748},"stream":"xrpusdt@trade"}
{"count":65735,"data":{"E":"2024-07-18 15:09:08.064","T":"2024-07-18 15:09:08.063","X":"MARKET","e":"trade","m":true,"p":"0.5645","q":"9518.1","s":"XRPUSDT","t":1529354749},"stream":"xrpusdt@trade"}
{"count":65736,"data":{"E":"2024-07-18 15:09:08.064","T":"2024-07-18 15:09:08.063","X":"MARKET","e":"trade","m":true,"p":"0.5645","q":"902.6","s":"XRPUSDT","t":1529354750},"stream":"xrpusdt@trade"}
{"count":65737,"data":{"E":"2024-07-18 15:09:08.064","T":"2024-07-18 15:09:08.063","X":"MARKET","e":"trade","m":true,"p":"0.5645","q":"699.1","s":"XRPUSDT","t":1529354751},"stream":"xrpusdt@trade"}
{"count":65738,"data":{"E":"2024-07-18 15:09:08.064","T":"2024-07-18 15:09:08.063","X":"MARKET","e":"trade","m":true,"p":"0.5645","q":"29.2","s":"XRPUSDT","t":1529354752},"stream":"xrpusdt@trade"}
{"count":65739,"data":{"E":"2024-07-18 15:09:08.064","T":"2024-07-18 15:09:08.063","X":"MARKET","e":"trade","m":true,"p":"0.5645","q":"1768.1","s":"XRPUSDT","t":1529354753},"stream":"xrpusdt@trade"}
{"count":65740,"data":{"E":"2024-07-18 15:09:08.064","T":"2024-07-18 15:09:08.063","X":"MARKET","e":"trade","m":true,"p":"0.5645","q":"205.5","s":"XRPUSDT","t":1529354754},"stream":"xrpusdt@trade"}
{"count":65741,"data":{"E":"2024-07-18 15:09:08.064","T":"2024-07-18 15:09:08.063","X":"MARKET","e":"trade","m":true,"p":"0.5645","q":"192.6","s":"XRPUSDT","t":1529354755},"stream":"xrpusdt@trade"}
{"count":65742,"data":{"E":"2024-07-18 15:09:08.064","T":"2024-07-18 15:09:08.063","X":"MARKET","e":"trade","m":true,"p":"0.5644","q":"13.8","s":"XRPUSDT","t":1529354756},"stream":"xrpusdt@trade"}
{"count":65743,"data":{"E":"2024-07-18 15:09:08.064","T":"2024-07-18 15:09:08.063","X":"MARKET","e":"trade","m":true,"p":"0.5644","q":"21.6","s":"XRPUSDT","t":1529354757},"stream":"xrpusdt@trade"}
{"count":65744,"data":{"E":"2024-07-18 15:09:08.064","T":"2024-07-18 15:09:08.063","X":"MARKET","e":"trade","m":true,"p":"0.5644","q":"60.3","s":"XRPUSDT","t":1529354758},"stream":"xrpusdt@trade"}
{"count":65745,"data":{"E":"2024-07-18 15:09:08.064","T":"2024-07-18 15:09:08.063","X":"MARKET","e":"trade","m":true,"p":"0.5644","q":"11.0","s":"XRPUSDT","t":1529354759},"stream":"xrpusdt@trade"}
{"count":65746,"data":{"E":"2024-07-18 15:09:08.064","T":"2024-07-18 15:09:08.063","X":"MARKET","e":"trade","m":true,"p":"0.5644","q":"666.7","s":"XRPUSDT","t":1529354760},"stream":"xrpusdt@trade"}
{"count":65747,"data":{"E":"2024-07-18 15:09:08.064","T":"2024-07-18 15:09:08.063","X":"MARKET","e":"trade","m":true,"p":"0.5644","q":"67.2","s":"XRPUSDT","t":1529354761},"stream":"xrpusdt@trade"}
{"count":65748,"data":{"E":"2024-07-18 15:09:08.064","T":"2024-07-18 15:09:08.063","X":"MARKET","e":"trade","m":true,"p":"0.5644","q":"15.0","s":"XRPUSDT","t":1529354762},"stream":"xrpusdt@trade"}
{"count":65749,"data":{"E":"2024-07-18 15:09:08.064","T":"2024-07-18 15:09:08.063","X":"MARKET","e":"trade","m":true,"p":"0.5644","q":"80.5","s":"XRPUSDT","t":1529354763},"stream":"xrpusdt@trade"}
{"count":65750,"data":{"E":"2024-07-18 15:09:08.064","T":"2024-07-18 15:09:08.063","X":"MARKET","e":"trade","m":true,"p":"0.5644","q":"699.1","s":"XRPUSDT","t":1529354764},"stream":"xrpusdt@trade"}
{"count":65751,"data":{"E":"2024-07-18 15:09:08.064","T":"2024-07-18 15:09:08.063","X":"MARKET","e":"trade","m":true,"p":"0.5644","q":"47.8","s":"XRPUSDT","t":1529354765},"stream":"xrpusdt@trade"}
{"count":65752,"data":{"E":"2024-07-18 15:09:08.064","T":"2024-07-18 15:09:08.063","X":"MARKET","e":"trade","m":true,"p":"0.5644","q":"1709.3","s":"XRPUSDT","t":1529354766},"stream":"xrpusdt@trade"}
{"count":65753,"data":{"E":"2024-07-18 15:09:08.064","T":"2024-07-18 15:09:08.063","X":"MARKET","e":"trade","m":true,"p":"0.5644","q":"4800.0","s":"XRPUSDT","t":1529354767},"stream":"xrpusdt@trade"}
{"count":65754,"data":{"E":"2024-07-18 15:09:08.064","T":"2024-07-18 15:09:08.063","X":"MARKET","e":"trade","m":true,"p":"0.5644","q":"16.0","s":"XRPUSDT","t":1529354768},"stream":"xrpusdt@trade"}
{"count":65755,"data":{"E":"2024-07-18 15:09:08.064","T":"2024-07-18 15:09:08.063","X":"MARKET","e":"trade","m":true,"p":"0.5643","q":"29.1","s":"XRPUSDT","t":1529354769},"stream":"xrpusdt@trade"}
{"count":65756,"data":{"E":"2024-07-18 15:09:08.064","T":"2024-07-18 15:09:08.063","X":"MARKET","e":"trade","m":true,"p":"0.5643","q":"9.7","s":"XRPUSDT","t":1529354770},"stream":"xrpusdt@trade"}
{"count":65757,"data":{"E":"2024-07-18 15:09:08.064","T":"2024-07-18 15:09:08.063","X":"MARKET","e":"trade","m":true,"p":"0.5643","q":"155.1","s":"XRPUSDT","t":1529354771},"stream":"xrpusdt@trade"}
{"count":65758,"data":{"E":"2024-07-18 15:09:08.064","T":"2024-07-18 15:09:08.063","X":"MARKET","e":"trade","m":true,"p":"0.5643","q":"9.8","s":"XRPUSDT","t":1529354772},"stream":"xrpusdt@trade"}
{"count":65759,"data":{"E":"2024-07-18 15:09:08.064","T":"2024-07-18 15:09:08.063","X":"MARKET","e":"trade","m":true,"p":"0.5643","q":"13.5","s":"XRPUSDT","t":1529354773},"stream":"xrpusdt@trade"}
{"count":65760,"data":{"E":"2024-07-18 15:09:08.064","T":"2024-07-18 15:09:08.063","X":"MARKET","e":"trade","m":true,"p":"0.5643","q":"796.8","s":"XRPUSDT","t":1529354774},"stream":"xrpusdt@trade"}
{"count":65761,"data":{"E":"2024-07-18 15:09:08.064","T":"2024-07-18 15:09:08.063","X":"MARKET","e":"trade","m":true,"p":"0.5643","q":"9.1","s":"XRPUSDT","t":1529354775},"stream":"xrpusdt@trade"}
{"count":65762,"data":{"E":"2024-07-18 15:09:08.064","T":"2024-07-18 15:09:08.063","X":"MARKET","e":"trade","m":true,"p":"0.5643","q":"153.8","s":"XRPUSDT","t":1529354776},"stream":"xrpusdt@trade"}
{"count":65763,"data":{"E":"2024-07-18 15:09:08.064","T":"2024-07-18 15:09:08.063","X":"MARKET","e":"trade","m":true,"p":"0.5642","q":"227.3","s":"XRPUSDT","t":1529354777},"stream":"xrpusdt@trade"}
{"count":65764,"data":{"E":"2024-07-18 15:09:08.064","T":"2024-07-18 15:09:08.063","X":"MARKET","e":"trade","m":true,"p":"0.5642","q":"10.1","s":"XRPUSDT","t":1529354778},"stream":"xrpusdt@trade"}
{"count":65765,"data":{"E":"2024-07-18 15:09:08.064","T":"2024-07-18 15:09:08.063","X":"MARKET","e":"trade","m":true,"p":"0.5642","q":"10.9","s":"XRPUSDT","t":1529354779},"stream":"xrpusdt@trade"}
{"count":65766,"data":{"E":"2024-07-18 15:09:08.064","T":"2024-07-18 15:09:08.063","X":"MARKET","e":"trade","m":true,"p":"0.5642","q":"1454.3","s":"XRPUSDT","t":1529354780},"stream":"xrpusdt@trade"}
{"count":65767,"data":{"E":"2024-07-18 15:09:08.064","T":"2024-07-18 15:09:08.063","X":"MARKET","e":"trade","m":true,"p":"0.5642","q":"1692.2","s":"XRPUSDT","t":1529354781},"stream":"xrpusdt@trade"}
{"count":65768,"data":{"E":"2024-07-18 15:09:08.064","T":"2024-07-18 15:09:08.063","X":"MARKET","e":"trade","m":true,"p":"0.5642","q":"1768.9","s":"XRPUSDT","t":1529354782},"stream":"xrpusdt@trade"}
{"count":65769,"data":{"E":"2024-07-18 15:09:08.064","T":"2024-07-18 15:09:08.063","X":"MARKET","e":"trade","m":true,"p":"0.5642","q":"29.2","s":"XRPUSDT","t":1529354783},"stream":"xrpusdt@trade"}
{"count":65770,"data":{"E":"2024-07-18 15:09:08.064","T":"2024-07-18 15:09:08.063","X":"MARKET","e":"trade","m":true,"p":"0.5642","q":"16.9","s":"XRPUSDT","t":1529354784},"stream":"xrpusdt@trade"}
{"count":65771,"data":{"E":"2024-07-18 15:09:08.064","T":"2024-07-18 15:09:08.063","X":"MARKET","e":"trade","m":true,"p":"0.5642","q":"33.7","s":"XRPUSDT","t":1529354785},"stream":"xrpusdt@trade"}
{"count":65772,"data":{"E":"2024-07-18 15:09:08.064","T":"2024-07-18 15:09:08.063","X":"MARKET","e":"trade","m":true,"p":"0.5642","q":"19.0","s":"XRPUSDT","t":1529354786},"stream":"xrpusdt@trade"}
{"count":65773,"data":{"E":"2024-07-18 15:09:08.064","T":"2024-07-18 15:09:08.063","X":"MARKET","e":"trade","m":true,"p":"0.5641","q":"187.4","s":"XRPUSDT","t":1529354787},"stream":"xrpusdt@trade"}
{"count":65774,"data":{"E":"2024-07-18 15:09:08.064","T":"2024-07-18 15:09:08.063","X":"MARKET","e":"trade","m":true,"p":"0.5641","q":"14.5","s":"XRPUSDT","t":1529354788},"stream":"xrpusdt@trade"}
{"count":65775,"data":{"E":"2024-07-18 15:09:08.064","T":"2024-07-18 15:09:08.063","X":"MARKET","e":"trade","m":true,"p":"0.5641","q":"58.5","s":"XRPUSDT","t":1529354789},"stream":"xrpusdt@trade"}
{"count":65776,"data":{"E":"2024-07-18 15:09:08.064","T":"2024-07-18 15:09:08.063","X":"MARKET","e":"trade","m":true,"p":"0.5641","q":"13.5","s":"XRPUSDT","t":1529354790},"stream":"xrpusdt@trade"}
{"count":65777,"data":{"E":"2024-07-18 15:09:08.064","T":"2024-07-18 15:09:08.063","X":"MARKET","e":"trade","m":true,"p":"0.5641","q":"10.5","s":"XRPUSDT","t":1529354791},"stream":"xrpusdt@trade"}
{"count":65778,"data":{"E":"2024-07-18 15:09:08.064","T":"2024-07-18 15:09:08.063","X":"MARKET","e":"trade","m":true,"p":"0.5641","q":"11.2","s":"XRPUSDT","t":1529354792},"stream":"xrpusdt@trade"}
{"count":65779,"data":{"E":"2024-07-18 15:09:08.064","T":"2024-07-18 15:09:08.063","X":"MARKET","e":"trade","m":true,"p":"0.5641","q":"10.7","s":"XRPUSDT","t":1529354793},"stream":"xrpusdt@trade"}
{"count":65780,"data":{"E":"2024-07-18 15:09:08.064","T":"2024-07-18 15:09:08.063","X":"MARKET","e":"trade","m":true,"p":"0.5641","q":"397.3","s":"XRPUSDT","t":1529354794},"stream":"xrpusdt@trade"}
{"count":65781,"data":{"E":"2024-07-18 15:09:08.064","T":"2024-07-18 15:09:08.063","X":"MARKET","e":"trade","m":true,"p":"0.5641","q":"12.0","s":"XRPUSDT","t":1529354795},"stream":"xrpusdt@trade"}
{"count":65782,"data":{"E":"2024-07-18 15:09:08.064","T":"2024-07-18 15:09:08.063","X":"MARKET","e":"trade","m":true,"p":"0.5641","q":"337.4","s":"XRPUSDT","t":1529354796},"stream":"xrpusdt@trade"}
{"count":65783,"data":{"E":"2024-07-18 15:09:08.064","T":"2024-07-18 15:09:08.063","X":"MARKET","e":"trade","m":true,"p":"0.5641","q":"1769.4","s":"XRPUSDT","t":1529354797},"stream":"xrpusdt@trade"}
{"count":65784,"data":{"E":"2024-07-18 15:09:08.064","T":"2024-07-18 15:09:08.063","X":"MARKET","e":"trade","m":true,"p":"0.5641","q":"177.1","s":"XRPUSDT","t":1529354798},"stream":"xrpusdt@trade"}
{"count":65785,"data":{"E":"2024-07-18 15:09:08.064","T":"2024-07-18 15:09:08.063","X":"MARKET","e":"trade","m":true,"p":"0.5641","q":"55.2","s":"XRPUSDT","t":1529354799},"stream":"xrpusdt@trade"}
{"count":65786,"data":{"E":"2024-07-18 15:09:08.064","T":"2024-07-18 15:09:08.063","X":"MARKET","e":"trade","m":true,"p":"0.5641","q":"55.2","s":"XRPUSDT","t":1529354800},"stream":"xrpusdt@trade"}
{"count":65787,"data":{"E":"2024-07-18 15:09:08.064","T":"2024-07-18 15:09:08.063","X":"MARKET","e":"trade","m":true,"p":"0.5641","q":"110.4","s":"XRPUSDT","t":1529354801},"stream":"xrpusdt@trade"}
{"count":65788,"data":{"E":"2024-07-18 15:09:08.064","T":"2024-07-18 15:09:08.063","X":"MARKET","e":"trade","m":true,"p":"0.5641","q":"525.2","s":"XRPUSDT","t":1529354802},"stream":"xrpusdt@trade"}
{"count":65789,"data":{"E":"2024-07-18 15:09:08.064","T":"2024-07-18 15:09:08.063","X":"MARKET","e":"trade","m":true,"p":"0.5641","q":"210.1","s":"XRPUSDT","t":1529354803},"stream":"xrpusdt@trade"}
{"count":65790,"data":{"E":"2024-07-18 15:09:08.064","T":"2024-07-18 15:09:08.063","X":"MARKET","e":"trade","m":true,"p":"0.5641","q":"12.2","s":"XRPUSDT","t":1529354804},"stream":"xrpusdt@trade"}
{"count":65791,"data":{"E":"2024-07-18 15:09:08.064","T":"2024-07-18 15:09:08.063","X":"MARKET","e":"trade","m":true,"p":"0.5640","q":"47.8","s":"XRPUSDT","t":1529354805},"stream":"xrpusdt@trade"}




{"count":65821,"data":{"E":"2024-07-18 15:09:08.065","T":"2024-07-18 15:09:08.064","X":"MARKET","e":"trade","m":true,"p":"0.5639","q":"17.5","s":"XRPUSDT","t":1529354835},"stream":"xrpusdt@trade"}
{"count":65822,"data":{"E":"2024-07-18 15:09:08.065","T":"2024-07-18 15:09:08.064","X":"MARKET","e":"trade","m":true,"p":"0.5639","q":"51.3","s":"XRPUSDT","t":1529354836},"stream":"xrpusdt@trade"}
{"count":65823,"data":{"E":"2024-07-18 15:09:08.065","T":"2024-07-18 15:09:08.064","X":"MARKET","e":"trade","m":true,"p":"0.5639","q":"10.0","s":"XRPUSDT","t":1529354837},"stream":"xrpusdt@trade"}
{"count":65824,"data":{"E":"2024-07-18 15:09:08.065","T":"2024-07-18 15:09:08.064","X":"MARKET","e":"trade","m":true,"p":"0.5639","q":"16.5","s":"XRPUSDT","t":1529354838},"stream":"xrpusdt@trade"}
{"count":65825,"data":{"E":"2024-07-18 15:09:08.065","T":"2024-07-18 15:09:08.064","X":"MARKET","e":"trade","m":true,"p":"0.5639","q":"232.5","s":"XRPUSDT","t":1529354839},"stream":"xrpusdt@trade"}
{"count":65826,"data":{"E":"2024-07-18 15:09:08.065","T":"2024-07-18 15:09:08.064","X":"MARKET","e":"trade","m":true,"p":"0.5639","q":"334.2","s":"XRPUSDT","t":1529354840},"stream":"xrpusdt@trade"}
{"count":65827,"data":{"E":"2024-07-18 15:09:08.065","T":"2024-07-18 15:09:08.064","X":"MARKET","e":"trade","m":true,"p":"0.5639","q":"1709.3","s":"XRPUSDT","t":1529354841},"stream":"xrpusdt@trade"}
{"count":65828,"data":{"E":"2024-07-18 15:09:08.065","T":"2024-07-18 15:09:08.064","X":"MARKET","e":"trade","m":true,"p":"0.5639","q":"1692.2","s":"XRPUSDT","t":1529354842},"stream":"xrpusdt@trade"}
{"count":65829,"data":{"E":"2024-07-18 15:09:08.065","T":"2024-07-18 15:09:08.064","X":"MARKET","e":"trade","m":true,"p":"0.5639","q":"94.2","s":"XRPUSDT","t":1529354843},"stream":"xrpusdt@trade"}
{"count":65830,"data":{"E":"2024-07-18 15:09:08.065","T":"2024-07-18 15:09:08.064","X":"MARKET","e":"trade","m":true,"p":"0.5639","q":"1065.8","s":"XRPUSDT","t":1529354844},"stream":"xrpusdt@trade"}
{"count":65831,"data":{"E":"2024-07-18 15:09:08.065","T":"2024-07-18 15:09:08.064","X":"MARKET","e":"trade","m":true,"p":"0.5639","q":"47.8","s":"XRPUSDT","t":1529354845},"stream":"xrpusdt@trade"}
{"count":65832,"data":{"E":"2024-07-18 15:09:08.065","T":"2024-07-18 15:09:08.064","X":"MARKET","e":"trade","m":true,"p":"0.5639","q":"5078.5","s":"XRPUSDT","t":1529354846},"stream":"xrpusdt@trade"}
{"count":65833,"data":{"E":"2024-07-18 15:09:08.065","T":"2024-07-18 15:09:08.064","X":"MARKET","e":"trade","m":true,"p":"0.5639","q":"971.9","s":"XRPUSDT","t":1529354847},"stream":"xrpusdt@trade"}
{"count":65834,"data":{"E":"2024-07-18 15:09:08.065","T":"2024-07-18 15:09:08.064","X":"MARKET","e":"trade","m":true,"p":"0.5639","q":"29.2","s":"XRPUSDT","t":1529354848},"stream":"xrpusdt@trade"}
{"count":65835,"data":{"E":"2024-07-18 15:09:08.065","T":"2024-07-18 15:09:08.064","X":"MARKET","e":"trade","m":true,"p":"0.5639","q":"33.7","s":"XRPUSDT","t":1529354849},"stream":"xrpusdt@trade"}
{"count":65836,"data":{"E":"2024-07-18 15:09:08.065","T":"2024-07-18 15:09:08.064","X":"MARKET","e":"trade","m":true,"p":"0.5639","q":"8219.1","s":"XRPUSDT","t":1529354850},"stream":"xrpusdt@trade"}
{"count":65837,"data":{"E":"2024-07-18 15:09:08.065","T":"2024-07-18 15:09:08.064","X":"MARKET","e":"trade","m":true,"p":"0.5639","q":"50112.5","s":"XRPUSDT","t":1529354851},"stream":"xrpusdt@trade"}
{"count":65838,"data":{"E":"2024-07-18 15:09:08.065","T":"2024-07-18 15:09:08.064","X":"MARKET","e":"trade","m":true,"p":"0.5639","q":"1737.5","s":"XRPUSDT","t":1529354852},"stream":"xrpusdt@trade"}
{"count":65839,"data":{"E":"2024-07-18 15:09:08.065","T":"2024-07-18 15:09:08.064","X":"MARKET","e":"trade","m":true,"p":"0.5639","q":"632.2","s":"XRPUSDT","t":1529354853},"stream":"xrpusdt@trade"}
{"count":65840,"data":{"E":"2024-07-18 15:09:08.065","T":"2024-07-18 15:09:08.064","X":"MARKET","e":"trade","m":true,"p":"0.5639","q":"36449.5","s":"XRPUSDT","t":1529354854},"stream":"xrpusdt@trade"}
{"count":65841,"data":{"E":"2024-07-18 15:09:08.065","T":"2024-07-18 15:09:08.064","X":"MARKET","e":"trade","m":false,"p":"0.5660","q":"15.5","s":"XRPUSDT","t":1529354855},"stream":"xrpusdt@trade"}
{"count":65842,"data":{"E":"2024-07-18 15:09:08.065","T":"2024-07-18 15:09:08.064","X":"MARKET","e":"trade","m":true,"p":"0.5639","q":"332.9","s":"XRPUSDT","t":1529354856},"stream":"xrpusdt@trade"}
{"count":65843,"data":{"E":"2024-07-18 15:09:08.065","T":"2024-07-18 15:09:08.064","X":"MARKET","e":"trade","m":true,"p":"0.5639","q":"1225.8","s":"XRPUSDT","t":1529354857},"stream":"xrpusdt@trade"}
{"count":65844,"data":{"E":"2024-07-18 15:09:08.065","T":"2024-07-18 15:09:08.064","X":"MARKET","e":"trade","m":true,"p":"0.5639","q":"19338.0","s":"XRPUSDT","t":1529354858},"stream":"xrpusdt@trade"}
{"count":65845,"data":{"E":"2024-07-18 15:09:08.065","T":"2024-07-18 15:09:08.064","X":"MARKET","e":"trade","m":true,"p":"0.5639","q":"728.3","s":"XRPUSDT","t":1529354859},"stream":"xrpusdt@trade"}
{"count":65846,"data":{"E":"2024-07-18 15:09:08.065","T":"2024-07-18 15:09:08.064","X":"MARKET","e":"trade","m":true,"p":"0.5639","q":"500.0","s":"XRPUSDT","t":1529354860},"stream":"xrpusdt@trade"}
{"count":65847,"data":{"E":"2024-07-18 15:09:08.065","T":"2024-07-18 15:09:08.064","X":"MARKET","e":"trade","m":true,"p":"0.5639","q":"87032.5","s":"XRPUSDT","t":1529354861},"stream":"xrpusdt@trade"}
{"count":65848,"data":{"E":"2024-07-18 15:09:08.065","T":"2024-07-18 15:09:08.064","X":"MARKET","e":"trade","m":true,"p":"0.5639","q":"22537.6","s":"XRPUSDT","t":1529354862},"stream":"xrpusdt@trade"}
{"count":65849,"data":{"E":"2024-07-18 15:09:08.065","T":"2024-07-18 15:09:08.064","X":"MARKET","e":"trade","m":true,"p":"0.5639","q":"35.4","s":"XRPUSDT","t":1529354863},"stream":"xrpusdt@trade"}
{"count":65850,"data":{"E":"2024-07-18 15:09:08.065","T":"2024-07-18 15:09:08.064","X":"MARKET","e":"trade","m":true,"p":"0.5639","q":"9.6","s":"XRPUSDT","t":1529354864},"stream":"xrpusdt@trade"}
{"count":65851,"data":{"E":"2024-07-18 15:09:08.065","T":"2024-07-18 15:09:08.064","X":"MARKET","e":"trade","m":true,"p":"0.5639","q":"177.1","s":"XRPUSDT","t":1529354865},"stream":"xrpusdt@trade"}
{"count":65852,"data":{"E":"2024-07-18 15:09:08.065","T":"2024-07-18 15:09:08.064","X":"MARKET","e":"trade","m":true,"p":"0.5638","q":"13.8","s":"XRPUSDT","t":1529354866},"stream":"xrpusdt@trade"}
{"count":65853,"data":{"E":"2024-07-18 15:09:08.065","T":"2024-07-18 15:09:08.064","X":"MARKET","e":"trade","m":true,"p":"0.5638","q":"5941.3","s":"XRPUSDT","t":1529354867},"stream":"xrpusdt@trade"}
{"count":65854,"data":{"E":"2024-07-18 15:09:08.065","T":"2024-07-18 15:09:08.064","X":"MARKET","e":"trade","m":true,"p":"0.5638","q":"1668.5","s":"XRPUSDT","t":1529354868},"stream":"xrpusdt@trade"}
{"count":65855,"data":{"E":"2024-07-18 15:09:08.065","T":"2024-07-18 15:09:08.064","X":"MARKET","e":"trade","m":true,"p":"0.5638","q":"11.2","s":"XRPUSDT","t":1529354869},"stream":"xrpusdt@trade"}
{"count":65856,"data":{"E":"2024-07-18 15:09:08.065","T":"2024-07-18 15:09:08.064","X":"MARKET","e":"trade","m":true,"p":"0.5638","q":"11.2","s":"XRPUSDT","t":1529354870},"stream":"xrpusdt@trade"}
{"count":65857,"data":{"E":"2024-07-18 15:09:08.065","T":"2024-07-18 15:09:08.064","X":"MARKET","e":"trade","m":true,"p":"0.5638","q":"9.1","s":"XRPUSDT","t":1529354871},"stream":"xrpusdt@trade"}
{"count":65858,"data":{"E":"2024-07-18 15:09:08.065","T":"2024-07-18 15:09:08.064","X":"MARKET","e":"trade","m":true,"p":"0.5638","q":"11.4","s":"XRPUSDT","t":1529354872},"stream":"xrpusdt@trade"}
{"count":65859,"data":{"E":"2024-07-18 15:09:08.065","T":"2024-07-18 15:09:08.064","X":"MARKET","e":"trade","m":true,"p":"0.5638","q":"931.6","s":"XRPUSDT","t":1529354873},"stream":"xrpusdt@trade"}
{"count":65860,"data":{"E":"2024-07-18 15:09:08.065","T":"2024-07-18 15:09:08.064","X":"MARKET","e":"trade","m":true,"p":"0.5638","q":"19673.8","s":"XRPUSDT","t":1529354874},"stream":"xrpusdt@trade"}
{"count":65861,"data":{"E":"2024-07-18 15:09:08.065","T":"2024-07-18 15:09:08.064","X":"MARKET","e":"trade","m":true,"p":"0.5638","q":"1403.1","s":"XRPUSDT","t":1529354875},"stream":"xrpusdt@trade"}
{"count":65862,"data":{"E":"2024-07-18 15:09:08.065","T":"2024-07-18 15:09:08.064","X":"MARKET","e":"trade","m":false,"p":"0.5660","q":"18.7","s":"XRPUSDT","t":1529354876},"stream":"xrpusdt@trade"}
{"count":65863,"data":{"E":"2024-07-18 15:09:08.065","T":"2024-07-18 15:09:08.064","X":"MARKET","e":"trade","m":true,"p":"0.5638","q":"6859.8","s":"XRPUSDT","t":1529354877},"stream":"xrpusdt@trade"}
{"count":65864,"data":{"E":"2024-07-18 15:09:08.065","T":"2024-07-18 15:09:08.064","X":"MARKET","e":"trade","m":false,"p":"0.5660","q":"26.2","s":"XRPUSDT","t":1529354878},"stream":"xrpusdt@trade"}
{"count":65865,"data":{"E":"2024-07-18 15:09:08.065","T":"2024-07-18 15:09:08.064","X":"MARKET","e":"trade","m":true,"p":"0.5638","q":"1000.0","s":"XRPUSDT","t":1529354879},"stream":"xrpusdt@trade"}
{"count":65866,"data":{"E":"2024-07-18 15:09:08.065","T":"2024-07-18 15:09:08.064","X":"MARKET","e":"trade","m":true,"p":"0.5638","q":"692.1","s":"XRPUSDT","t":1529354880},"stream":"xrpusdt@trade"}
{"count":65867,"data":{"E":"2024-07-18 15:09:08.065","T":"2024-07-18 15:09:08.064","X":"MARKET","e":"trade","m":true,"p":"0.5638","q":"606.1","s":"XRPUSDT","t":1529354881},"stream":"xrpusdt@trade"}
{"count":65868,"data":{"E":"2024-07-18 15:09:08.065","T":"2024-07-18 15:09:08.064","X":"MARKET","e":"trade","m":true,"p":"0.5638","q":"8255.1","s":"XRPUSDT","t":1529354882},"stream":"xrpusdt@trade"}
{"count":65869,"data":{"E":"2024-07-18 15:09:08.065","T":"2024-07-18 15:09:08.064","X":"MARKET","e":"trade","m":true,"p":"0.5638","q":"17017.7","s":"XRPUSDT","t":1529354883},"stream":"xrpusdt@trade"}
{"count":65870,"data":{"E":"2024-07-18 15:09:08.065","T":"2024-07-18 15:09:08.064","X":"MARKET","e":"trade","m":true,"p":"0.5638","q":"92.0","s":"XRPUSDT","t":1529354884},"stream":"xrpusdt@trade"}
{"count":65871,"data":{"E":"2024-07-18 15:09:08.065","T":"2024-07-18 15:09:08.064","X":"MARKET","e":"trade","m":true,"p":"0.5638","q":"776.5","s":"XRPUSDT","t":1529354885},"stream":"xrpusdt@trade"}
{"count":65872,"data":{"E":"2024-07-18 15:09:08.065","T":"2024-07-18 15:09:08.064","X":"MARKET","e":"trade","m":true,"p":"0.5638","q":"12279.0","s":"XRPUSDT","t":1529354886},"stream":"xrpusdt@trade"}
{"count":65873,"data":{"E":"2024-07-18 15:09:08.065","T":"2024-07-18 15:09:08.064","X":"MARKET","e":"trade","m":false,"p":"0.5660","q":"912.8","s":"XRPUSDT","t":1529354887},"stream":"xrpusdt@trade"}
{"count":65874,"data":{"E":"2024-07-18 15:09:08.065","T":"2024-07-18 15:09:08.064","X":"MARKET","e":"trade","m":false,"p":"0.5660","q":"847.7","s":"XRPUSDT","t":1529354888},"stream":"xrpusdt@trade"}
{"count":65875,"data":{"E":"2024-07-18 15:09:08.065","T":"2024-07-18 15:09:08.064","X":"MARKET","e":"trade","m":true,"p":"0.5638","q":"88016.7","s":"XRPUSDT","t":1529354889},"stream":"xrpusdt@trade"}
{"count":65876,"data":{"E":"2024-07-18 15:09:08.065","T":"2024-07-18 15:09:08.064","X":"MARKET","e":"trade","m":false,"p":"0.5660","q":"386.9","s":"XRPUSDT","t":1529354890},"stream":"xrpusdt@trade"}
{"count":65877,"data":{"E":"2024-07-18 15:09:08.065","T":"2024-07-18 15:09:08.064","X":"MARKET","e":"trade","m":false,"p":"0.5660","q":"597.0","s":"XRPUSDT","t":1529354891},"stream":"xrpusdt@trade"}
{"count":65878,"data":{"E":"2024-07-18 15:09:08.065","T":"2024-07-18 15:09:08.064","X":"MARKET","e":"trade","m":true,"p":"0.5638","q":"256.1","s":"XRPUSDT","t":1529354892},"stream":"xrpusdt@trade"}
{"count":65879,"data":{"E":"2024-07-18 15:09:08.065","T":"2024-07-18 15:09:08.064","X":"MARKET","e":"trade","m":true,"p":"0.5638","q":"2397.8","s":"XRPUSDT","t":1529354893},"stream":"xrpusdt@trade"}
{"count":65880,"data":{"E":"2024-07-18 15:09:08.065","T":"2024-07-18 15:09:08.064","X":"MARKET","e":"trade","m":true,"p":"0.5638","q":"3428.4","s":"XRPUSDT","t":1529354894},"stream":"xrpusdt@trade"}
{"count":65881,"data":{"E":"2024-07-18 15:09:08.065","T":"2024-07-18 15:09:08.064","X":"MARKET","e":"trade","m":true,"p":"0.5638","q":"872.4","s":"XRPUSDT","t":1529354895},"stream":"xrpusdt@trade"}
{"count":65882,"data":{"E":"2024-07-18 15:09:08.065","T":"2024-07-18 15:09:08.064","X":"MARKET","e":"trade","m":true,"p":"0.5638","q":"515.6","s":"XRPUSDT","t":1529354896},"stream":"xrpusdt@trade"}
{"count":65883,"data":{"E":"2024-07-18 15:09:08.065","T":"2024-07-18 15:09:08.064","X":"MARKET","e":"trade","m":false,"p":"0.5650","q":"608.6","s":"XRPUSDT","t":1529354897},"stream":"xrpusdt@trade"}
{"count":65884,"data":{"E":"2024-07-18 15:09:08.065","T":"2024-07-18 15:09:08.064","X":"MARKET","e":"trade","m":true,"p":"0.5638","q":"32182.1","s":"XRPUSDT","t":1529354898},"stream":"xrpusdt@trade"}
{"count":65885,"data":{"E":"2024-07-18 15:09:08.065","T":"2024-07-18 15:09:08.064","X":"MARKET","e":"trade","m":true,"p":"0.5637","q":"267.7","s":"XRPUSDT","t":1529354899},"stream":"xrpusdt@trade"}
{"count":65886,"data":{"E":"2024-07-18 15:09:08.065","T":"2024-07-18 15:09:08.064","X":"MARKET","e":"trade","m":true,"p":"0.5637","q":"419.1","s":"XRPUSDT","t":1529354900},"stream":"xrpusdt@trade"}
{"count":65887,"data":{"E":"2024-07-18 15:09:08.065","T":"2024-07-18 15:09:08.064","X":"MARKET","e":"trade","m":true,"p":"0.5637","q":"141.6","s":"XRPUSDT","t":1529354901},"stream":"xrpusdt@trade"}
{"count":65888,"data":{"E":"2024-07-18 15:09:08.065","T":"2024-07-18 15:09:08.064","X":"MARKET","e":"trade","m":true,"p":"0.5637","q":"347.7","s":"XRPUSDT","t":1529354902},"stream":"xrpusdt@trade"}
{"count":65889,"data":{"E":"2024-07-18 15:09:08.065","T":"2024-07-18 15:09:08.064","X":"MARKET","e":"trade","m":true,"p":"0.5637","q":"20.1","s":"XRPUSDT","t":1529354903},"stream":"xrpusdt@trade"}
{"count":65890,"data":{"E":"2024-07-18 15:09:08.065","T":"2024-07-18 15:09:08.064","X":"MARKET","e":"trade","m":true,"p":"0.5637","q":"661.4","s":"XRPUSDT","t":1529354904},"stream":"xrpusdt@trade"}
{"count":65891,"data":{"E":"2024-07-18 15:09:08.065","T":"2024-07-18 15:09:08.064","X":"MARKET","e":"trade","m":true,"p":"0.5637","q":"29.2","s":"XRPUSDT","t":1529354905},"stream":"xrpusdt@trade"}
{"count":65892,"data":{"E":"2024-07-18 15:09:08.065","T":"2024-07-18 15:09:08.064","X":"MARKET","e":"trade","m":true,"p":"0.5637","q":"331.6","s":"XRPUSDT","t":1529354906},"stream":"xrpusdt@trade"}
{"count":65893,"data":{"E":"2024-07-18 15:09:08.065","T":"2024-07-18 15:09:08.064","X":"MARKET","e":"trade","m":true,"p":"0.5637","q":"11.4","s":"XRPUSDT","t":1529354907},"stream":"xrpusdt@trade"}
{"count":65894,"data":{"E":"2024-07-18 15:09:08.065","T":"2024-07-18 15:09:08.064","X":"MARKET","e":"trade","m":true,"p":"0.5637","q":"10.3","s":"XRPUSDT","t":1529354908},"stream":"xrpusdt@trade"}
{"count":65895,"data":{"E":"2024-07-18 15:09:08.065","T":"2024-07-18 15:09:08.064","X":"MARKET","e":"trade","m":true,"p":"0.5637","q":"23.2","s":"XRPUSDT","t":1529354909},"stream":"xrpusdt@trade"}
{"count":65896,"data":{"E":"2024-07-18 15:09:08.065","T":"2024-07-18 15:09:08.064","X":"MARKET","e":"trade","m":true,"p":"0.5637","q":"9.9","s":"XRPUSDT","t":1529354910},"stream":"xrpusdt@trade"}
{"count":65897,"data":{"E":"2024-07-18 15:09:08.065","T":"2024-07-18 15:09:08.064","X":"MARKET","e":"trade","m":true,"p":"0.5637","q":"193.7","s":"XRPUSDT","t":1529354911},"stream":"xrpusdt@trade"}
{"count":65898,"data":{"E":"2024-07-18 15:09:08.065","T":"2024-07-18 15:09:08.064","X":"MARKET","e":"trade","m":true,"p":"0.5637","q":"50.3","s":"XRPUSDT","t":1529354912},"stream":"xrpusdt@trade"}
{"count":65899,"data":{"E":"2024-07-18 15:09:08.065","T":"2024-07-18 15:09:08.064","X":"MARKET","e":"trade","m":true,"p":"0.5637","q":"347.7","s":"XRPUSDT","t":1529354913},"stream":"xrpusdt@trade"}
{"count":65900,"data":{"E":"2024-07-18 15:09:08.065","T":"2024-07-18 15:09:08.064","X":"MARKET","e":"trade","m":true,"p":"0.5637","q":"98.9","s":"XRPUSDT","t":1529354914},"stream":"xrpusdt@trade"}
{"count":65901,"data":{"E":"2024-07-18 15:09:08.065","T":"2024-07-18 15:09:08.064","X":"MARKET","e":"trade","m":true,"p":"0.5637","q":"267.7","s":"XRPUSDT","t":1529354915},"stream":"xrpusdt@trade"}
{"count":65902,"data":{"E":"2024-07-18 15:09:08.065","T":"2024-07-18 15:09:08.064","X":"MARKET","e":"trade","m":true,"p":"0.5637","q":"1016.6","s":"XRPUSDT","t":1529354916},"stream":"xrpusdt@trade"}
{"count":65903,"data":{"E":"2024-07-18 15:09:08.065","T":"2024-07-18 15:09:08.064","X":"MARKET","e":"trade","m":true,"p":"0.5637","q":"419.1","s":"XRPUSDT","t":1529354917},"stream":"xrpusdt@trade"}
{"count":65904,"data":{"E":"2024-07-18 15:09:08.065","T":"2024-07-18 15:09:08.064","X":"MARKET","e":"trade","m":true,"p":"0.5637","q":"22.0","s":"XRPUSDT","t":1529354918},"stream":"xrpusdt@trade"}
{"count":65905,"data":{"E":"2024-07-18 15:09:08.065","T":"2024-07-18 15:09:08.064","X":"MARKET","e":"trade","m":true,"p":"0.5637","q":"20338.3","s":"XRPUSDT","t":1529354919},"stream":"xrpusdt@trade"}
{"count":65906,"data":{"E":"2024-07-18 15:09:08.065","T":"2024-07-18 15:09:08.064","X":"MARKET","e":"trade","m":true,"p":"0.5637","q":"499.7","s":"XRPUSDT","t":1529354920},"stream":"xrpusdt@trade"}
{"count":65907,"data":{"E":"2024-07-18 15:09:08.065","T":"2024-07-18 15:09:08.064","X":"MARKET","e":"trade","m":true,"p":"0.5637","q":"401.3","s":"XRPUSDT","t":1529354921},"stream":"xrpusdt@trade"}
{"count":65908,"data":{"E":"2024-07-18 15:09:08.065","T":"2024-07-18 15:09:08.064","X":"MARKET","e":"trade","m":false,"p":"0.5650","q":"631.6","s":"XRPUSDT","t":1529354922},"stream":"xrpusdt@trade"}
{"count":65909,"data":{"E":"2024-07-18 15:09:08.065","T":"2024-07-18 15:09:08.064","X":"MARKET","e":"trade","m":true,"p":"0.5637","q":"17052.4","s":"XRPUSDT","t":1529354923},"stream":"xrpusdt@trade"}
{"count":65910,"data":{"E":"2024-07-18 15:09:08.065","T":"2024-07-18 15:09:08.064","X":"MARKET","e":"trade","m":true,"p":"0.5637","q":"664.6","s":"XRPUSDT","t":1529354924},"stream":"xrpusdt@trade"}
{"count":65911,"data":{"E":"2024-07-18 15:09:08.065","T":"2024-07-18 15:09:08.064","X":"MARKET","e":"trade","m":true,"p":"0.5637","q":"61046.0","s":"XRPUSDT","t":1529354925},"stream":"xrpusdt@trade"}
{"count":65912,"data":{"E":"2024-07-18 15:09:08.065","T":"2024-07-18 15:09:08.064","X":"MARKET","e":"trade","m":true,"p":"0.5637","q":"443.5","s":"XRPUSDT","t":1529354926},"stream":"xrpusdt@trade"}
{"count":65913,"data":{"E":"2024-07-18 15:09:08.065","T":"2024-07-18 15:09:08.064","X":"MARKET","e":"trade","m":true,"p":"0.5637","q":"129772.9","s":"XRPUSDT","t":1529354927},"stream":"xrpusdt@trade"}
{"count":65914,"data":{"E":"2024-07-18 15:09:08.065","T":"2024-07-18 15:09:08.064","X":"MARKET","e":"trade","m":true,"p":"0.5637","q":"1010.0","s":"XRPUSDT","t":1529354928},"stream":"xrpusdt@trade"}
{"count":65915,"data":{"E":"2024-07-18 15:09:08.065","T":"2024-07-18 15:09:08.064","X":"MARKET","e":"trade","m":true,"p":"0.5637","q":"32632.5","s":"XRPUSDT","t":1529354929},"stream":"xrpusdt@trade"}
{"count":65916,"data":{"E":"2024-07-18 15:09:08.065","T":"2024-07-18 15:09:08.064","X":"MARKET","e":"trade","m":true,"p":"0.5637","q":"98.9","s":"XRPUSDT","t":1529354930},"stream":"xrpusdt@trade"}
{"count":65917,"data":{"E":"2024-07-18 15:09:08.065","T":"2024-07-18 15:09:08.064","X":"MARKET","e":"trade","m":true,"p":"0.5637","q":"141.6","s":"XRPUSDT","t":1529354931},"stream":"xrpusdt@trade"}
{"count":65918,"data":{"E":"2024-07-18 15:09:08.065","T":"2024-07-18 15:09:08.064","X":"MARKET","e":"trade","m":true,"p":"0.5637","q":"354.6","s":"XRPUSDT","t":1529354932},"stream":"xrpusdt@trade"}
{"count":65919,"data":{"E":"2024-07-18 15:09:08.065","T":"2024-07-18 15:09:08.064","X":"MARKET","e":"trade","m":true,"p":"0.5636","q":"5150.3","s":"XRPUSDT","t":1529354933},"stream":"xrpusdt@trade"}
{"count":65920,"data":{"E":"2024-07-18 15:09:08.065","T":"2024-07-18 15:09:08.064","X":"MARKET","e":"trade","m":true,"p":"0.5636","q":"1538.8","s":"XRPUSDT","t":1529354934},"stream":"xrpusdt@trade"}
{"count":65921,"data":{"E":"2024-07-18 15:09:08.065","T":"2024-07-18 15:09:08.064","X":"MARKET","e":"trade","m":true,"p":"0.5636","q":"963.6","s":"XRPUSDT","t":1529354935},"stream":"xrpusdt@trade"}
{"count":65922,"data":{"E":"2024-07-18 15:09:08.065","T":"2024-07-18 15:09:08.064","X":"MARKET","e":"trade","m":true,"p":"0.5636","q":"1112.0","s":"XRPUSDT","t":1529354936},"stream":"xrpusdt@trade"}
{"count":65923,"data":{"E":"2024-07-18 15:09:08.065","T":"2024-07-18 15:09:08.064","X":"MARKET","e":"trade","m":true,"p":"0.5636","q":"2641.3","s":"XRPUSDT","t":1529354937},"stream":"xrpusdt@trade"}
{"count":65924,"data":{"E":"2024-07-18 15:09:08.065","T":"2024-07-18 15:09:08.064","X":"MARKET","e":"trade","m":true,"p":"0.5636","q":"6698.7","s":"XRPUSDT","t":1529354938},"stream":"xrpusdt@trade"}
{"count":65925,"data":{"E":"2024-07-18 15:09:08.065","T":"2024-07-18 15:09:08.064","X":"MARKET","e":"trade","m":true,"p":"0.5636","q":"1471.4","s":"XRPUSDT","t":1529354939},"stream":"xrpusdt@trade"}
{"count":65926,"data":{"E":"2024-07-18 15:09:08.065","T":"2024-07-18 15:09:08.064","X":"MARKET","e":"trade","m":true,"p":"0.5636","q":"676.8","s":"XRPUSDT","t":1529354940},"stream":"xrpusdt@trade"}
{"count":65927,"data":{"E":"2024-07-18 15:09:08.065","T":"2024-07-18 15:09:08.064","X":"MARKET","e":"trade","m":true,"p":"0.5636","q":"58.9","s":"XRPUSDT","t":1529354941},"stream":"xrpusdt@trade"}
{"count":65928,"data":{"E":"2024-07-18 15:09:08.065","T":"2024-07-18 15:09:08.064","X":"MARKET","e":"trade","m":true,"p":"0.5636","q":"833.8","s":"XRPUSDT","t":1529354942},"stream":"xrpusdt@trade"}
{"count":65929,"data":{"E":"2024-07-18 15:09:08.065","T":"2024-07-18 15:09:08.064","X":"MARKET","e":"trade","m":true,"p":"0.5636","q":"60.3","s":"XRPUSDT","t":1529354943},"stream":"xrpusdt@trade"}
{"count":65930,"data":{"E":"2024-07-18 15:09:08.065","T":"2024-07-18 15:09:08.064","X":"MARKET","e":"trade","m":true,"p":"0.5636","q":"9.7","s":"XRPUSDT","t":1529354944},"stream":"xrpusdt@trade"}
{"count":65931,"data":{"E":"2024-07-18 15:09:08.065","T":"2024-07-18 15:09:08.064","X":"MARKET","e":"trade","m":true,"p":"0.5636","q":"11.0","s":"XRPUSDT","t":1529354945},"stream":"xrpusdt@trade"}
{"count":65932,"data":{"E":"2024-07-18 15:09:08.065","T":"2024-07-18 15:09:08.064","X":"MARKET","e":"trade","m":true,"p":"0.5636","q":"10.1","s":"XRPUSDT","t":1529354946},"stream":"xrpusdt@trade"}
{"count":65933,"data":{"E":"2024-07-18 15:09:08.065","T":"2024-07-18 15:09:08.064","X":"MARKET","e":"trade","m":true,"p":"0.5636","q":"1826.1","s":"XRPUSDT","t":1529354947},"stream":"xrpusdt@trade"}
{"count":65934,"data":{"E":"2024-07-18 15:09:08.065","T":"2024-07-18 15:09:08.064","X":"MARKET","e":"trade","m":true,"p":"0.5636","q":"110.5","s":"XRPUSDT","t":1529354948},"stream":"xrpusdt@trade"}
{"count":65935,"data":{"E":"2024-07-18 15:09:08.065","T":"2024-07-18 15:09:08.064","X":"MARKET","e":"trade","m":true,"p":"0.5636","q":"10.7","s":"XRPUSDT","t":1529354949},"stream":"xrpusdt@trade"}
{"count":65936,"data":{"E":"2024-07-18 15:09:08.065","T":"2024-07-18 15:09:08.064","X":"MARKET","e":"trade","m":true,"p":"0.5636","q":"9.9","s":"XRPUSDT","t":1529354950},"stream":"xrpusdt@trade"}
{"count":65937,"data":{"E":"2024-07-18 15:09:08.065","T":"2024-07-18 15:09:08.064","X":"MARKET","e":"trade","m":true,"p":"0.5636","q":"218.0","s":"XRPUSDT","t":1529354951},"stream":"xrpusdt@trade"}
{"count":65938,"data":{"E":"2024-07-18 15:09:08.065","T":"2024-07-18 15:09:08.064","X":"MARKET","e":"trade","m":true,"p":"0.5636","q":"17.4","s":"XRPUSDT","t":1529354952},"stream":"xrpusdt@trade"}
{"count":65939,"data":{"E":"2024-07-18 15:09:08.065","T":"2024-07-18 15:09:08.064","X":"MARKET","e":"trade","m":true,"p":"0.5636","q":"156.1","s":"XRPUSDT","t":1529354953},"stream":"xrpusdt@trade"}
{"count":65940,"data":{"E":"2024-07-18 15:09:08.065","T":"2024-07-18 15:09:08.064","X":"MARKET","e":"trade","m":true,"p":"0.5636","q":"1106.0","s":"XRPUSDT","t":1529354954},"stream":"xrpusdt@trade"}
{"count":65941,"data":{"E":"2024-07-18 15:09:08.065","T":"2024-07-18 15:09:08.064","X":"MARKET","e":"trade","m":true,"p":"0.5636","q":"33.7","s":"XRPUSDT","t":1529354955},"stream":"xrpusdt@trade"}
{"count":65942,"data":{"E":"2024-07-18 15:09:08.065","T":"2024-07-18 15:09:08.064","X":"MARKET","e":"trade","m":true,"p":"0.5636","q":"29.2","s":"XRPUSDT","t":1529354956},"stream":"xrpusdt@trade"}
{"count":65943,"data":{"E":"2024-07-18 15:09:08.065","T":"2024-07-18 15:09:08.064","X":"MARKET","e":"trade","m":true,"p":"0.5636","q":"239.4","s":"XRPUSDT","t":1529354957},"stream":"xrpusdt@trade"}
{"count":65944,"data":{"E":"2024-07-18 15:09:08.065","T":"2024-07-18 15:09:08.064","X":"MARKET","e":"trade","m":true,"p":"0.5636","q":"193.7","s":"XRPUSDT","t":1529354958},"stream":"xrpusdt@trade"}
{"count":65945,"data":{"E":"2024-07-18 15:09:08.065","T":"2024-07-18 15:09:08.064","X":"MARKET","e":"trade","m":true,"p":"0.5636","q":"195.1","s":"XRPUSDT","t":1529354959},"stream":"xrpusdt@trade"}
{"count":65946,"data":{"E":"2024-07-18 15:09:08.065","T":"2024-07-18 15:09:08.064","X":"MARKET","e":"trade","m":true,"p":"0.5636","q":"177.2","s":"XRPUSDT","t":1529354960},"stream":"xrpusdt@trade"}
{"count":65947,"data":{"E":"2024-07-18 15:09:08.065","T":"2024-07-18 15:09:08.064","X":"MARKET","e":"trade","m":true,"p":"0.5636","q":"354.4","s":"XRPUSDT","t":1529354961},"stream":"xrpusdt@trade"}
{"count":65948,"data":{"E":"2024-07-18 15:09:08.065","T":"2024-07-18 15:09:08.064","X":"MARKET","e":"trade","m":true,"p":"0.5636","q":"42.4","s":"XRPUSDT","t":1529354962},"stream":"xrpusdt@trade"}
{"count":65949,"data":{"E":"2024-07-18 15:09:08.065","T":"2024-07-18 15:09:08.064","X":"MARKET","e":"trade","m":true,"p":"0.5636","q":"17.6","s":"XRPUSDT","t":1529354963},"stream":"xrpusdt@trade"}
{"count":65950,"data":{"E":"2024-07-18 15:09:08.065","T":"2024-07-18 15:09:08.064","X":"MARKET","e":"trade","m":true,"p":"0.5636","q":"177.2","s":"XRPUSDT","t":1529354964},"stream":"xrpusdt@trade"}
{"count":65951,"data":{"E":"2024-07-18 15:09:08.065","T":"2024-07-18 15:09:08.064","X":"MARKET","e":"trade","m":true,"p":"0.5636","q":"354.4","s":"XRPUSDT","t":1529354965},"stream":"xrpusdt@trade"}
{"count":65952,"data":{"E":"2024-07-18 15:09:08.065","T":"2024-07-18 15:09:08.064","X":"MARKET","e":"trade","m":true,"p":"0.5635","q":"561.0","s":"XRPUSDT","t":1529354966},"stream":"xrpusdt@trade"}
{"count":65953,"data":{"E":"2024-07-18 15:09:08.065","T":"2024-07-18 15:09:08.064","X":"MARKET","e":"trade","m":true,"p":"0.5635","q":"561.0","s":"XRPUSDT","t":1529354967},"stream":"xrpusdt@trade"}
{"count":65954,"data":{"E":"2024-07-18 15:09:08.065","T":"2024-07-18 15:09:08.064","X":"MARKET","e":"trade","m":true,"p":"0.5635","q":"5291.4","s":"XRPUSDT","t":1529354968},"stream":"xrpusdt@trade"}
{"count":65955,"data":{"E":"2024-07-18 15:09:08.065","T":"2024-07-18 15:09:08.064","X":"MARKET","e":"trade","m":true,"p":"0.5635","q":"2603.4","s":"XRPUSDT","t":1529354969},"stream":"xrpusdt@trade"}
{"count":65956,"data":{"E":"2024-07-18 15:09:08.065","T":"2024-07-18 15:09:08.064","X":"MARKET","e":"trade","m":true,"p":"0.5635","q":"345.8","s":"XRPUSDT","t":1529354970},"stream":"xrpusdt@trade"}
{"count":65957,"data":{"E":"2024-07-18 15:09:08.065","T":"2024-07-18 15:09:08.064","X":"MARKET","e":"trade","m":true,"p":"0.5635","q":"14.6","s":"XRPUSDT","t":1529354971},"stream":"xrpusdt@trade"}
{"count":65958,"data":{"E":"2024-07-18 15:09:08.065","T":"2024-07-18 15:09:08.064","X":"MARKET","e":"trade","m":true,"p":"0.5635","q":"12.0","s":"XRPUSDT","t":1529354972},"stream":"xrpusdt@trade"}
{"count":65959,"data":{"E":"2024-07-18 15:09:08.065","T":"2024-07-18 15:09:08.064","X":"MARKET","e":"trade","m":true,"p":"0.5635","q":"10.7","s":"XRPUSDT","t":1529354973},"stream":"xrpusdt@trade"}
{"count":65960,"data":{"E":"2024-07-18 15:09:08.065","T":"2024-07-18 15:09:08.064","X":"MARKET","e":"trade","m":true,"p":"0.5635","q":"66.5","s":"XRPUSDT","t":1529354974},"stream":"xrpusdt@trade"}
{"count":65961,"data":{"E":"2024-07-18 15:09:08.065","T":"2024-07-18 15:09:08.064","X":"MARKET","e":"trade","m":true,"p":"0.5635","q":"14.9","s":"XRPUSDT","t":1529354975},"stream":"xrpusdt@trade"}
{"count":65962,"data":{"E":"2024-07-18 15:09:08.065","T":"2024-07-18 15:09:08.064","X":"MARKET","e":"trade","m":true,"p":"0.5635","q":"17.8","s":"XRPUSDT","t":1529354976},"stream":"xrpusdt@trade"}
{"count":65963,"data":{"E":"2024-07-18 15:09:08.065","T":"2024-07-18 15:09:08.064","X":"MARKET","e":"trade","m":true,"p":"0.5635","q":"11.6","s":"XRPUSDT","t":1529354977},"stream":"xrpusdt@trade"}
{"count":65964,"data":{"E":"2024-07-18 15:09:08.065","T":"2024-07-18 15:09:08.064","X":"MARKET","e":"trade","m":true,"p":"0.5635","q":"9.7","s":"XRPUSDT","t":1529354978},"stream":"xrpusdt@trade"}
{"count":65965,"data":{"E":"2024-07-18 15:09:08.065","T":"2024-07-18 15:09:08.064","X":"MARKET","e":"trade","m":true,"p":"0.5635","q":"1709.3","s":"XRPUSDT","t":1529354979},"stream":"xrpusdt@trade"}
{"count":65966,"data":{"E":"2024-07-18 15:09:08.065","T":"2024-07-18 15:09:08.064","X":"MARKET","e":"trade","m":true,"p":"0.5635","q":"345.8","s":"XRPUSDT","t":1529354980},"stream":"xrpusdt@trade"}
{"count":65967,"data":{"E":"2024-07-18 15:09:08.065","T":"2024-07-18 15:09:08.064","X":"MARKET","e":"trade","m":true,"p":"0.5635","q":"785.0","s":"XRPUSDT","t":1529354981},"stream":"xrpusdt@trade"}
{"count":65968,"data":{"E":"2024-07-18 15:09:08.065","T":"2024-07-18 15:09:08.064","X":"MARKET","e":"trade","m":true,"p":"0.5635","q":"1692.2","s":"XRPUSDT","t":1529354982},"stream":"xrpusdt@trade"}
{"count":65969,"data":{"E":"2024-07-18 15:09:08.065","T":"2024-07-18 15:09:08.064","X":"MARKET","e":"trade","m":true,"p":"0.5635","q":"177.2","s":"XRPUSDT","t":1529354983},"stream":"xrpusdt@trade"}
{"count":65970,"data":{"E":"2024-07-18 15:09:08.065","T":"2024-07-18 15:09:08.064","X":"MARKET","e":"trade","m":true,"p":"0.5635","q":"60.3","s":"XRPUSDT","t":1529354984},"stream":"xrpusdt@trade"}
{"count":65971,"data":{"E":"2024-07-18 15:09:08.065","T":"2024-07-18 15:09:08.064","X":"MARKET","e":"trade","m":true,"p":"0.5635","q":"12200.5","s":"XRPUSDT","t":1529354985},"stream":"xrpusdt@trade"}
{"count":65972,"data":{"E":"2024-07-18 15:09:08.065","T":"2024-07-18 15:09:08.064","X":"MARKET","e":"trade","m":true,"p":"0.5634","q":"4436.2","s":"XRPUSDT","t":1529354986},"stream":"xrpusdt@trade"}
{"count":65973,"data":{"E":"2024-07-18 15:09:08.065","T":"2024-07-18 15:09:08.064","X":"MARKET","e":"trade","m":true,"p":"0.5634","q":"8956.8","s":"XRPUSDT","t":1529354987},"stream":"xrpusdt@trade"}
{"count":65974,"data":{"E":"2024-07-18 15:09:08.065","T":"2024-07-18 15:09:08.064","X":"MARKET","e":"trade","m":true,"p":"0.5634","q":"98.9","s":"XRPUSDT","t":1529354988},"stream":"xrpusdt@trade"}
{"count":65975,"data":{"E":"2024-07-18 15:09:08.065","T":"2024-07-18 15:09:08.064","X":"MARKET","e":"trade","m":true,"p":"0.5634","q":"345.8","s":"XRPUSDT","t":1529354989},"stream":"xrpusdt@trade"}
{"count":65976,"data":{"E":"2024-07-18 15:09:08.065","T":"2024-07-18 15:09:08.064","X":"MARKET","e":"trade","m":true,"p":"0.5634","q":"4076.6","s":"XRPUSDT","t":1529354990},"stream":"xrpusdt@trade"}
{"count":65977,"data":{"E":"2024-07-18 15:09:08.065","T":"2024-07-18 15:09:08.064","X":"MARKET","e":"trade","m":true,"p":"0.5634","q":"1324.8","s":"XRPUSDT","t":1529354991},"stream":"xrpusdt@trade"}
{"count":65978,"data":{"E":"2024-07-18 15:09:08.065","T":"2024-07-18 15:09:08.064","X":"MARKET","e":"trade","m":true,"p":"0.5634","q":"1436.7","s":"XRPUSDT","t":1529354992},"stream":"xrpusdt@trade"}
{"count":65979,"data":{"E":"2024-07-18 15:09:08.065","T":"2024-07-18 15:09:08.064","X":"MARKET","e":"trade","m":true,"p":"0.5634","q":"9.1","s":"XRPUSDT","t":1529354993},"stream":"xrpusdt@trade"}
{"count":65980,"data":{"E":"2024-07-18 15:09:08.065","T":"2024-07-18 15:09:08.064","X":"MARKET","e":"trade","m":true,"p":"0.5634","q":"98.9","s":"XRPUSDT","t":1529354994},"stream":"xrpusdt@trade"}
{"count":65981,"data":{"E":"2024-07-18 15:09:08.065","T":"2024-07-18 15:09:08.064","X":"MARKET","e":"trade","m":true,"p":"0.5634","q":"177.2","s":"XRPUSDT","t":1529354995},"stream":"xrpusdt@trade"}
{"count":65982,"data":{"E":"2024-07-18 15:09:08.065","T":"2024-07-18 15:09:08.064","X":"MARKET","e":"trade","m":true,"p":"0.5634","q":"9.8","s":"XRPUSDT","t":1529354996},"stream":"xrpusdt@trade"}
{"count":65983,"data":{"E":"2024-07-18 15:09:08.065","T":"2024-07-18 15:09:08.064","X":"MARKET","e":"trade","m":true,"p":"0.5634","q":"10.5","s":"XRPUSDT","t":1529354997},"stream":"xrpusdt@trade"}
{"count":65984,"data":{"E":"2024-07-18 15:09:08.065","T":"2024-07-18 15:09:08.064","X":"MARKET","e":"trade","m":true,"p":"0.5634","q":"21.6","s":"XRPUSDT","t":1529354998},"stream":"xrpusdt@trade"}
{"count":65985,"data":{"E":"2024-07-18 15:09:08.065","T":"2024-07-18 15:09:08.064","X":"MARKET","e":"trade","m":true,"p":"0.5634","q":"14.5","s":"XRPUSDT","t":1529354999},"stream":"xrpusdt@trade"}
{"count":65986,"data":{"E":"2024-07-18 15:09:08.065","T":"2024-07-18 15:09:08.064","X":"MARKET","e":"trade","m":true,"p":"0.5634","q":"887.3","s":"XRPUSDT","t":1529355000},"stream":"xrpusdt@trade"}
{"count":65987,"data":{"E":"2024-07-18 15:09:08.065","T":"2024-07-18 15:09:08.064","X":"MARKET","e":"trade","m":true,"p":"0.5634","q":"26.6","s":"XRPUSDT","t":1529355001},"stream":"xrpusdt@trade"}
{"count":65988,"data":{"E":"2024-07-18 15:09:08.066","T":"2024-07-18 15:09:08.064","X":"MARKET","e":"trade","m":true,"p":"0.5634","q":"35.5","s":"XRPUSDT","t":1529355002},"stream":"xrpusdt@trade"}
{"count":65989,"data":{"E":"2024-07-18 15:09:08.066","T":"2024-07-18 15:09:08.064","X":"MARKET","e":"trade","m":true,"p":"0.5634","q":"1214.4","s":"XRPUSDT","t":1529355003},"stream":"xrpusdt@trade"}
{"count":65990,"data":{"E":"2024-07-18 15:09:08.066","T":"2024-07-18 15:09:08.064","X":"MARKET","e":"trade","m":true,"p":"0.5634","q":"1040.0","s":"XRPUSDT","t":1529355004},"stream":"xrpusdt@trade"}
{"count":65991,"data":{"E":"2024-07-18 15:09:08.066","T":"2024-07-18 15:09:08.064","X":"MARKET","e":"trade","m":true,"p":"0.5634","q":"1643.7","s":"XRPUSDT","t":1529355005},"stream":"xrpusdt@trade"}
{"count":65992,"data":{"E":"2024-07-18 15:09:08.066","T":"2024-07-18 15:09:08.064","X":"MARKET","e":"trade","m":true,"p":"0.5634","q":"31.8","s":"XRPUSDT","t":1529355006},"stream":"xrpusdt@trade"}
{"count":65993,"data":{"E":"2024-07-18 15:09:08.066","T":"2024-07-18 15:09:08.064","X":"MARKET","e":"trade","m":true,"p":"0.5634","q":"13.5","s":"XRPUSDT","t":1529355007},"stream":"xrpusdt@trade"}
{"count":65994,"data":{"E":"2024-07-18 15:09:08.066","T":"2024-07-18 15:09:08.064","X":"MARKET","e":"trade","m":true,"p":"0.5634","q":"81.6","s":"XRPUSDT","t":1529355008},"stream":"xrpusdt@trade"}
{"count":65995,"data":{"E":"2024-07-18 15:09:08.066","T":"2024-07-18 15:09:08.064","X":"MARKET","e":"trade","m":true,"p":"0.5633","q":"58.6","s":"XRPUSDT","t":1529355009},"stream":"xrpusdt@trade"}
{"count":65996,"data":{"E":"2024-07-18 15:09:08.066","T":"2024-07-18 15:09:08.064","X":"MARKET","e":"trade","m":true,"p":"0.5633","q":"67.2","s":"XRPUSDT","t":1529355010},"stream":"xrpusdt@trade"}
{"count":65997,"data":{"E":"2024-07-18 15:09:08.066","T":"2024-07-18 15:09:08.064","X":"MARKET","e":"trade","m":true,"p":"0.5633","q":"626.5","s":"XRPUSDT","t":1529355011},"stream":"xrpusdt@trade"}
{"count":65998,"data":{"E":"2024-07-18 15:09:08.066","T":"2024-07-18 15:09:08.064","X":"MARKET","e":"trade","m":true,"p":"0.5633","q":"84.0","s":"XRPUSDT","t":1529355012},"stream":"xrpusdt@trade"}
{"count":65999,"data":{"E":"2024-07-18 15:09:08.066","T":"2024-07-18 15:09:08.064","X":"MARKET","e":"trade","m":true,"p":"0.5633","q":"15.0","s":"XRPUSDT","t":1529355013},"stream":"xrpusdt@trade"}
{"count":66000,"data":{"E":"2024-07-18 15:09:08.066","T":"2024-07-18 15:09:08.064","X":"MARKET","e":"trade","m":true,"p":"0.5633","q":"20.3","s":"XRPUSDT","t":1529355014},"stream":"xrpusdt@trade"}
{"count":66001,"data":{"E":"2024-07-18 15:09:08.066","T":"2024-07-18 15:09:08.064","X":"MARKET","e":"trade","m":true,"p":"0.5633","q":"9.2","s":"XRPUSDT","t":1529355015},"stream":"xrpusdt@trade"}
{"count":66002,"data":{"E":"2024-07-18 15:09:08.066","T":"2024-07-18 15:09:08.064","X":"MARKET","e":"trade","m":true,"p":"0.5633","q":"24.2","s":"XRPUSDT","t":1529355016},"stream":"xrpusdt@trade"}
{"count":66003,"data":{"E":"2024-07-18 15:09:08.066","T":"2024-07-18 15:09:08.064","X":"MARKET","e":"trade","m":true,"p":"0.5633","q":"45.7","s":"XRPUSDT","t":1529355017},"stream":"xrpusdt@trade"}
{"count":66004,"data":{"E":"2024-07-18 15:09:08.066","T":"2024-07-18 15:09:08.064","X":"MARKET","e":"trade","m":true,"p":"0.5633","q":"67.4","s":"XRPUSDT","t":1529355018},"stream":"xrpusdt@trade"}
{"count":66005,"data":{"E":"2024-07-18 15:09:08.066","T":"2024-07-18 15:09:08.064","X":"MARKET","e":"trade","m":true,"p":"0.5633","q":"11.7","s":"XRPUSDT","t":1529355019},"stream":"xrpusdt@trade"}
{"count":66006,"data":{"E":"2024-07-18 15:09:08.066","T":"2024-07-18 15:09:08.064","X":"MARKET","e":"trade","m":true,"p":"0.5633","q":"20.2","s":"XRPUSDT","t":1529355020},"stream":"xrpusdt@trade"}
{"count":66007,"data":{"E":"2024-07-18 15:09:08.066","T":"2024-07-18 15:09:08.064","X":"MARKET","e":"trade","m":true,"p":"0.5633","q":"266.3","s":"XRPUSDT","t":1529355021},"stream":"xrpusdt@trade"}
{"count":66008,"data":{"E":"2024-07-18 15:09:08.066","T":"2024-07-18 15:09:08.064","X":"MARKET","e":"trade","m":true,"p":"0.5633","q":"10.0","s":"XRPUSDT","t":1529355022},"stream":"xrpusdt@trade"}
{"count":66009,"data":{"E":"2024-07-18 15:09:08.066","T":"2024-07-18 15:09:08.064","X":"MARKET","e":"trade","m":true,"p":"0.5633","q":"26.5","s":"XRPUSDT","t":1529355023},"stream":"xrpusdt@trade"}
{"count":66010,"data":{"E":"2024-07-18 15:09:08.066","T":"2024-07-18 15:09:08.064","X":"MARKET","e":"trade","m":true,"p":"0.5633","q":"133.1","s":"XRPUSDT","t":1529355024},"stream":"xrpusdt@trade"}
{"count":66011,"data":{"E":"2024-07-18 15:09:08.066","T":"2024-07-18 15:09:08.064","X":"MARKET","e":"trade","m":true,"p":"0.5633","q":"70.2","s":"XRPUSDT","t":1529355025},"stream":"xrpusdt@trade"}
{"count":66012,"data":{"E":"2024-07-18 15:09:08.066","T":"2024-07-18 15:09:08.064","X":"MARKET","e":"trade","m":true,"p":"0.5633","q":"581.2","s":"XRPUSDT","t":1529355026},"stream":"xrpusdt@trade"}
{"count":66013,"data":{"E":"2024-07-18 15:09:08.066","T":"2024-07-18 15:09:08.064","X":"MARKET","e":"trade","m":true,"p":"0.5633","q":"42.3","s":"XRPUSDT","t":1529355027},"stream":"xrpusdt@trade"}



{"count":66027,"data":{"E":"2024-07-18 15:09:08.066","T":"2024-07-18 15:09:08.064","X":"MARKET","e":"trade","m":true,"p":"0.5633","q":"10.9","s":"XRPUSDT","t":1529355028},"stream":"xrpusdt@trade"}
{"count":66028,"data":{"E":"2024-07-18 15:09:08.066","T":"2024-07-18 15:09:08.064","X":"MARKET","e":"trade","m":true,"p":"0.5633","q":"1775.3","s":"XRPUSDT","t":1529355029},"stream":"xrpusdt@trade"}
{"count":66029,"data":{"E":"2024-07-18 15:09:08.066","T":"2024-07-18 15:09:08.064","X":"MARKET","e":"trade","m":true,"p":"0.5633","q":"2475.3","s":"XRPUSDT","t":1529355030},"stream":"xrpusdt@trade"}
{"count":66030,"data":{"E":"2024-07-18 15:09:08.066","T":"2024-07-18 15:09:08.064","X":"MARKET","e":"trade","m":true,"p":"0.5633","q":"66.6","s":"XRPUSDT","t":1529355031},"stream":"xrpusdt@trade"}
{"count":66031,"data":{"E":"2024-07-18 15:09:08.066","T":"2024-07-18 15:09:08.064","X":"MARKET","e":"trade","m":true,"p":"0.5633","q":"48.9","s":"XRPUSDT","t":1529355032},"stream":"xrpusdt@trade"}
{"count":66032,"data":{"E":"2024-07-18 15:09:08.066","T":"2024-07-18 15:09:08.064","X":"MARKET","e":"trade","m":true,"p":"0.5633","q":"13.6","s":"XRPUSDT","t":1529355033},"stream":"xrpusdt@trade"}
{"count":66033,"data":{"E":"2024-07-18 15:09:08.066","T":"2024-07-18 15:09:08.064","X":"MARKET","e":"trade","m":true,"p":"0.5633","q":"1068.0","s":"XRPUSDT","t":1529355034},"stream":"xrpusdt@trade"}
{"count":66034,"data":{"E":"2024-07-18 15:09:08.066","T":"2024-07-18 15:09:08.064","X":"MARKET","e":"trade","m":true,"p":"0.5633","q":"11.2","s":"XRPUSDT","t":1529355035},"stream":"xrpusdt@trade"}
{"count":66035,"data":{"E":"2024-07-18 15:09:08.066","T":"2024-07-18 15:09:08.064","X":"MARKET","e":"trade","m":true,"p":"0.5633","q":"10.5","s":"XRPUSDT","t":1529355036},"stream":"xrpusdt@trade"}
{"count":66036,"data":{"E":"2024-07-18 15:09:08.066","T":"2024-07-18 15:09:08.064","X":"MARKET","e":"trade","m":true,"p":"0.5633","q":"310.7","s":"XRPUSDT","t":1529355037},"stream":"xrpusdt@trade"}
{"count":66037,"data":{"E":"2024-07-18 15:09:08.066","T":"2024-07-18 15:09:08.064","X":"MARKET","e":"trade","m":true,"p":"0.5633","q":"172.9","s":"XRPUSDT","t":1529355038},"stream":"xrpusdt@trade"}
{"count":66038,"data":{"E":"2024-07-18 15:09:08.066","T":"2024-07-18 15:09:08.064","X":"MARKET","e":"trade","m":true,"p":"0.5633","q":"404.5","s":"XRPUSDT","t":1529355039},"stream":"xrpusdt@trade"}
{"count":66039,"data":{"E":"2024-07-18 15:09:08.066","T":"2024-07-18 15:09:08.064","X":"MARKET","e":"trade","m":true,"p":"0.5633","q":"114.0","s":"XRPUSDT","t":1529355040},"stream":"xrpusdt@trade"}
{"count":66040,"data":{"E":"2024-07-18 15:09:08.066","T":"2024-07-18 15:09:08.064","X":"MARKET","e":"trade","m":true,"p":"0.5633","q":"10.5","s":"XRPUSDT","t":1529355041},"stream":"xrpusdt@trade"}
{"count":66041,"data":{"E":"2024-07-18 15:09:08.066","T":"2024-07-18 15:09:08.064","X":"MARKET","e":"trade","m":true,"p":"0.5633","q":"1775.4","s":"XRPUSDT","t":1529355042},"stream":"xrpusdt@trade"}
{"count":66042,"data":{"E":"2024-07-18 15:09:08.066","T":"2024-07-18 15:09:08.064","X":"MARKET","e":"trade","m":true,"p":"0.5633","q":"28510.0","s":"XRPUSDT","t":1529355043},"stream":"xrpusdt@trade"}
{"count":66043,"data":{"E":"2024-07-18 15:09:08.066","T":"2024-07-18 15:09:08.064","X":"MARKET","e":"trade","m":false,"p":"0.5650","q":"172.6","s":"XRPUSDT","t":1529355044},"stream":"xrpusdt@trade"}
{"count":66044,"data":{"E":"2024-07-18 15:09:08.066","T":"2024-07-18 15:09:08.064","X":"MARKET","e":"trade","m":true,"p":"0.5633","q":"2815.3","s":"XRPUSDT","t":1529355045},"stream":"xrpusdt@trade"}
{"count":66045,"data":{"E":"2024-07-18 15:09:08.066","T":"2024-07-18 15:09:08.064","X":"MARKET","e":"trade","m":true,"p":"0.5633","q":"1152.4","s":"XRPUSDT","t":1529355046},"stream":"xrpusdt@trade"}
{"count":66046,"data":{"E":"2024-07-18 15:09:08.066","T":"2024-07-18 15:09:08.064","X":"MARKET","e":"trade","m":false,"p":"0.5650","q":"43696.6","s":"XRPUSDT","t":1529355047},"stream":"xrpusdt@trade"}
{"count":66047,"data":{"E":"2024-07-18 15:09:08.066","T":"2024-07-18 15:09:08.064","X":"MARKET","e":"trade","m":false,"p":"0.5660","q":"4731.2","s":"XRPUSDT","t":1529355048},"stream":"xrpusdt@trade"}
{"count":66048,"data":{"E":"2024-07-18 15:09:08.066","T":"2024-07-18 15:09:08.064","X":"MARKET","e":"trade","m":true,"p":"0.5633","q":"17568.4","s":"XRPUSDT","t":1529355049},"stream":"xrpusdt@trade"}
{"count":66049,"data":{"E":"2024-07-18 15:09:08.066","T":"2024-07-18 15:09:08.064","X":"MARKET","e":"trade","m":true,"p":"0.5633","q":"5323.5","s":"XRPUSDT","t":1529355050},"stream":"xrpusdt@trade"}
{"count":66050,"data":{"E":"2024-07-18 15:09:08.066","T":"2024-07-18 15:09:08.064","X":"MARKET","e":"trade","m":true,"p":"0.5633","q":"7985.3","s":"XRPUSDT","t":1529355051},"stream":"xrpusdt@trade"}
{"count":66051,"data":{"E":"2024-07-18 15:09:08.066","T":"2024-07-18 15:09:08.064","X":"MARKET","e":"trade","m":true,"p":"0.5633","q":"29.0","s":"XRPUSDT","t":1529355052},"stream":"xrpusdt@trade"}
{"count":66052,"data":{"E":"2024-07-18 15:09:08.066","T":"2024-07-18 15:09:08.064","X":"MARKET","e":"trade","m":true,"p":"0.5633","q":"2569.2","s":"XRPUSDT","t":1529355053},"stream":"xrpusdt@trade"}
{"count":66053,"data":{"E":"2024-07-18 15:09:08.066","T":"2024-07-18 15:09:08.064","X":"MARKET","e":"trade","m":true,"p":"0.5633","q":"4430.1","s":"XRPUSDT","t":1529355054},"stream":"xrpusdt@trade"}
{"count":66054,"data":{"E":"2024-07-18 15:09:08.066","T":"2024-07-18 15:09:08.064","X":"MARKET","e":"trade","m":true,"p":"0.5633","q":"5477.9","s":"XRPUSDT","t":1529355055},"stream":"xrpusdt@trade"}
{"count":66055,"data":{"E":"2024-07-18 15:09:08.066","T":"2024-07-18 15:09:08.064","X":"MARKET","e":"trade","m":true,"p":"0.5633","q":"42.2","s":"XRPUSDT","t":1529355056},"stream":"xrpusdt@trade"}
{"count":66056,"data":{"E":"2024-07-18 15:09:08.066","T":"2024-07-18 15:09:08.064","X":"MARKET","e":"trade","m":true,"p":"0.5633","q":"3339.2","s":"XRPUSDT","t":1529355057},"stream":"xrpusdt@trade"}
{"count":66057,"data":{"E":"2024-07-18 15:09:08.066","T":"2024-07-18 15:09:08.064","X":"MARKET","e":"trade","m":true,"p":"0.5633","q":"33.7","s":"XRPUSDT","t":1529355058},"stream":"xrpusdt@trade"}
{"count":66058,"data":{"E":"2024-07-18 15:09:08.066","T":"2024-07-18 15:09:08.064","X":"MARKET","e":"trade","m":true,"p":"0.5633","q":"1893.1","s":"XRPUSDT","t":1529355059},"stream":"xrpusdt@trade"}
{"count":66059,"data":{"E":"2024-07-18 15:09:08.066","T":"2024-07-18 15:09:08.064","X":"MARKET","e":"trade","m":true,"p":"0.5633","q":"2297.4","s":"XRPUSDT","t":1529355060},"stream":"xrpusdt@trade"}
{"count":66060,"data":{"E":"2024-07-18 15:09:08.066","T":"2024-07-18 15:09:08.064","X":"MARKET","e":"trade","m":true,"p":"0.5633","q":"111.2","s":"XRPUSDT","t":1529355061},"stream":"xrpusdt@trade"}
{"count":66061,"data":{"E":"2024-07-18 15:09:08.066","T":"2024-07-18 15:09:08.064","X":"MARKET","e":"trade","m":true,"p":"0.5632","q":"14.2","s":"XRPUSDT","t":1529355062},"stream":"xrpusdt@trade"}
{"count":66062,"data":{"E":"2024-07-18 15:09:08.066","T":"2024-07-18 15:09:08.064","X":"MARKET","e":"trade","m":true,"p":"0.5632","q":"12.6","s":"XRPUSDT","t":1529355063},"stream":"xrpusdt@trade"}
{"count":66063,"data":{"E":"2024-07-18 15:09:08.066","T":"2024-07-18 15:09:08.064","X":"MARKET","e":"trade","m":true,"p":"0.5632","q":"12.8","s":"XRPUSDT","t":1529355064},"stream":"xrpusdt@trade"}
{"count":66064,"data":{"E":"2024-07-18 15:09:08.066","T":"2024-07-18 15:09:08.064","X":"MARKET","e":"trade","m":true,"p":"0.5632","q":"105.8","s":"XRPUSDT","t":1529355065},"stream":"xrpusdt@trade"}
{"count":66065,"data":{"E":"2024-07-18 15:09:08.066","T":"2024-07-18 15:09:08.064","X":"MARKET","e":"trade","m":true,"p":"0.5632","q":"41.7","s":"XRPUSDT","t":1529355066},"stream":"xrpusdt@trade"}
{"count":66066,"data":{"E":"2024-07-18 15:09:08.066","T":"2024-07-18 15:09:08.064","X":"MARKET","e":"trade","m":true,"p":"0.5632","q":"367.9","s":"XRPUSDT","t":1529355067},"stream":"xrpusdt@trade"}
{"count":66067,"data":{"E":"2024-07-18 15:09:08.066","T":"2024-07-18 15:09:08.064","X":"MARKET","e":"trade","m":true,"p":"0.5632","q":"73.1","s":"XRPUSDT","t":1529355068},"stream":"xrpusdt@trade"}
{"count":66068,"data":{"E":"2024-07-18 15:09:08.066","T":"2024-07-18 15:09:08.064","X":"MARKET","e":"trade","m":true,"p":"0.5632","q":"22.3","s":"XRPUSDT","t":1529355069},"stream":"xrpusdt@trade"}
{"count":66069,"data":{"E":"2024-07-18 15:09:08.066","T":"2024-07-18 15:09:08.064","X":"MARKET","e":"trade","m":true,"p":"0.5632","q":"26.6","s":"XRPUSDT","t":1529355070},"stream":"xrpusdt@trade"}
{"count":66070,"data":{"E":"2024-07-18 15:09:08.066","T":"2024-07-18 15:09:08.064","X":"MARKET","e":"trade","m":true,"p":"0.5632","q":"37.9","s":"XRPUSDT","t":1529355071},"stream":"xrpusdt@trade"}
{"count":66071,"data":{"E":"2024-07-18 15:09:08.066","T":"2024-07-18 15:09:08.064","X":"MARKET","e":"trade","m":true,"p":"0.5632","q":"13.0","s":"XRPUSDT","t":1529355072},"stream":"xrpusdt@trade"}
{"count":66072,"data":{"E":"2024-07-18 15:09:08.066","T":"2024-07-18 15:09:08.064","X":"MARKET","e":"trade","m":true,"p":"0.5632","q":"45.9","s":"XRPUSDT","t":1529355073},"stream":"xrpusdt@trade"}
{"count":66073,"data":{"E":"2024-07-18 15:09:08.066","T":"2024-07-18 15:09:08.064","X":"MARKET","e":"trade","m":true,"p":"0.5632","q":"14.3","s":"XRPUSDT","t":1529355074},"stream":"xrpusdt@trade"}
{"count":66074,"data":{"E":"2024-07-18 15:09:08.066","T":"2024-07-18 15:09:08.064","X":"MARKET","e":"trade","m":true,"p":"0.5632","q":"37.8","s":"XRPUSDT","t":1529355075},"stream":"xrpusdt@trade"}
{"count":66075,"data":{"E":"2024-07-18 15:09:08.066","T":"2024-07-18 15:09:08.064","X":"MARKET","e":"trade","m":true,"p":"0.5632","q":"38.8","s":"XRPUSDT","t":1529355076},"stream":"xrpusdt@trade"}
{"count":66076,"data":{"E":"2024-07-18 15:09:08.066","T":"2024-07-18 15:09:08.064","X":"MARKET","e":"trade","m":true,"p":"0.5632","q":"41.1","s":"XRPUSDT","t":1529355077},"stream":"xrpusdt@trade"}
{"count":66077,"data":{"E":"2024-07-18 15:09:08.066","T":"2024-07-18 15:09:08.064","X":"MARKET","e":"trade","m":true,"p":"0.5632","q":"29.2","s":"XRPUSDT","t":1529355078},"stream":"xrpusdt@trade"}
{"count":66078,"data":{"E":"2024-07-18 15:09:08.066","T":"2024-07-18 15:09:08.064","X":"MARKET","e":"trade","m":true,"p":"0.5632","q":"60.3","s":"XRPUSDT","t":1529355079},"stream":"xrpusdt@trade"}
{"count":66079,"data":{"E":"2024-07-18 15:09:08.066","T":"2024-07-18 15:09:08.064","X":"MARKET","e":"trade","m":true,"p":"0.5632","q":"44.6","s":"XRPUSDT","t":1529355080},"stream":"xrpusdt@trade"}
{"count":66080,"data":{"E":"2024-07-18 15:09:08.066","T":"2024-07-18 15:09:08.064","X":"MARKET","e":"trade","m":true,"p":"0.5632","q":"163.3","s":"XRPUSDT","t":1529355081},"stream":"xrpusdt@trade"}
{"count":66081,"data":{"E":"2024-07-18 15:09:08.066","T":"2024-07-18 15:09:08.064","X":"MARKET","e":"trade","m":true,"p":"0.5632","q":"9.7","s":"XRPUSDT","t":1529355082},"stream":"xrpusdt@trade"}
{"count":66082,"data":{"E":"2024-07-18 15:09:08.066","T":"2024-07-18 15:09:08.064","X":"MARKET","e":"trade","m":true,"p":"0.5632","q":"283.8","s":"XRPUSDT","t":1529355083},"stream":"xrpusdt@trade"}
{"count":66083,"data":{"E":"2024-07-18 15:09:08.066","T":"2024-07-18 15:09:08.064","X":"MARKET","e":"trade","m":true,"p":"0.5632","q":"7266.8","s":"XRPUSDT","t":1529355084},"stream":"xrpusdt@trade"}
{"count":66084,"data":{"E":"2024-07-18 15:09:08.066","T":"2024-07-18 15:09:08.064","X":"MARKET","e":"trade","m":true,"p":"0.5632","q":"846.4","s":"XRPUSDT","t":1529355085},"stream":"xrpusdt@trade"}
{"count":66085,"data":{"E":"2024-07-18 15:09:08.066","T":"2024-07-18 15:09:08.064","X":"MARKET","e":"trade","m":true,"p":"0.5632","q":"399.6","s":"XRPUSDT","t":1529355086},"stream":"xrpusdt@trade"}
{"count":66086,"data":{"E":"2024-07-18 15:09:08.066","T":"2024-07-18 15:09:08.064","X":"MARKET","e":"trade","m":true,"p":"0.5632","q":"364.5","s":"XRPUSDT","t":1529355087},"stream":"xrpusdt@trade"}
{"count":66087,"data":{"E":"2024-07-18 15:09:08.066","T":"2024-07-18 15:09:08.064","X":"MARKET","e":"trade","m":true,"p":"0.5632","q":"70.5","s":"XRPUSDT","t":1529355088},"stream":"xrpusdt@trade"}
{"count":66088,"data":{"E":"2024-07-18 15:09:08.066","T":"2024-07-18 15:09:08.064","X":"MARKET","e":"trade","m":true,"p":"0.5632","q":"18.3","s":"XRPUSDT","t":1529355089},"stream":"xrpusdt@trade"}
{"count":66089,"data":{"E":"2024-07-18 15:09:08.066","T":"2024-07-18 15:09:08.064","X":"MARKET","e":"trade","m":true,"p":"0.5632","q":"46.7","s":"XRPUSDT","t":1529355090},"stream":"xrpusdt@trade"}
{"count":66090,"data":{"E":"2024-07-18 15:09:08.066","T":"2024-07-18 15:09:08.064","X":"MARKET","e":"trade","m":true,"p":"0.5632","q":"13.8","s":"XRPUSDT","t":1529355091},"stream":"xrpusdt@trade"}
{"count":66091,"data":{"E":"2024-07-18 15:09:08.066","T":"2024-07-18 15:09:08.064","X":"MARKET","e":"trade","m":true,"p":"0.5632","q":"1775.6","s":"XRPUSDT","t":1529355092},"stream":"xrpusdt@trade"}
{"count":66092,"data":{"E":"2024-07-18 15:09:08.066","T":"2024-07-18 15:09:08.064","X":"MARKET","e":"trade","m":true,"p":"0.5632","q":"79.5","s":"XRPUSDT","t":1529355093},"stream":"xrpusdt@trade"}
{"count":66093,"data":{"E":"2024-07-18 15:09:08.066","T":"2024-07-18 15:09:08.064","X":"MARKET","e":"trade","m":true,"p":"0.5632","q":"990.1","s":"XRPUSDT","t":1529355094},"stream":"xrpusdt@trade"}
{"count":66094,"data":{"E":"2024-07-18 15:09:08.066","T":"2024-07-18 15:09:08.064","X":"MARKET","e":"trade","m":true,"p":"0.5632","q":"444.0","s":"XRPUSDT","t":1529355095},"stream":"xrpusdt@trade"}
{"count":66095,"data":{"E":"2024-07-18 15:09:08.066","T":"2024-07-18 15:09:08.064","X":"MARKET","e":"trade","m":true,"p":"0.5632","q":"444.0","s":"XRPUSDT","t":1529355096},"stream":"xrpusdt@trade"}
{"count":66096,"data":{"E":"2024-07-18 15:09:08.066","T":"2024-07-18 15:09:08.064","X":"MARKET","e":"trade","m":true,"p":"0.5632","q":"222.0","s":"XRPUSDT","t":1529355097},"stream":"xrpusdt@trade"}
{"count":66097,"data":{"E":"2024-07-18 15:09:08.066","T":"2024-07-18 15:09:08.064","X":"MARKET","e":"trade","m":true,"p":"0.5632","q":"88.2","s":"XRPUSDT","t":1529355098},"stream":"xrpusdt@trade"}
{"count":66098,"data":{"E":"2024-07-18 15:09:08.066","T":"2024-07-18 15:09:08.064","X":"MARKET","e":"trade","m":true,"p":"0.5632","q":"198.7","s":"XRPUSDT","t":1529355099},"stream":"xrpusdt@trade"}
{"count":66099,"data":{"E":"2024-07-18 15:09:08.066","T":"2024-07-18 15:09:08.064","X":"MARKET","e":"trade","m":true,"p":"0.5632","q":"90.5","s":"XRPUSDT","t":1529355100},"stream":"xrpusdt@trade"}
{"count":66100,"data":{"E":"2024-07-18 15:09:08.066","T":"2024-07-18 15:09:08.064","X":"MARKET","e":"trade","m":true,"p":"0.5632","q":"500.0","s":"XRPUSDT","t":1529355101},"stream":"xrpusdt@trade"}
{"count":66101,"data":{"E":"2024-07-18 15:09:08.066","T":"2024-07-18 15:09:08.064","X":"MARKET","e":"trade","m":true,"p":"0.5632","q":"282.9","s":"XRPUSDT","t":1529355102},"stream":"xrpusdt@trade"}
{"count":66102,"data":{"E":"2024-07-18 15:09:08.066","T":"2024-07-18 15:09:08.064","X":"MARKET","e":"trade","m":true,"p":"0.5632","q":"548.0","s":"XRPUSDT","t":1529355103},"stream":"xrpusdt@trade"}
